2856 4698
661 252 875 320 ..24-

339 445 457 508 Versus
480 440 563 506 1258
587 442 742 524 scriptura
770 441 892 522 qualem
921 440 1046 523 quidem
1070 447 1232 506 assecutus
1257 447 1306 506 est

236 531 457 610 Hermannuss
480 545 531 610 σύιι
554 544 610 610 ἔστ’
636 545 750 648 diffie,
767 543 827 620 σύ,
856 545 947 620 ξένοι,
970 545 1075 630 χρὸνον
1098 550 1196 619 πλέω,
1221 548 1256 608 ut
1278 543 1305 606 si

234 648 448 712 imminentem
482 652 615 712 mortem
651 647 714 710 iam
750 645 940 727 aliquamdiu
978 645 1114 726 effugere
1149 645 1306 728 potuisset

236 749 424 828 Cassandra,
454 769 529 814 uera
560 749 626 815 cius
658 748 754 814 verba
783 749 814 812 in
843 767 973 830 pravam
1001 749 1186 813 sententiam
1209 747 1305 830 plane

233 852 369 916 invertit.
391 852 478 932 atqui
499 851 571 914 libri
593 869 666 916 mss.
691 853 721 916 od
745 851 803 934 (οὔ)
827 851 902 926 §aaa
925 851 1023 938 χρόνῳ
1047 859 1130 918 πλέω
1146 849 1304 928 exhibent,

235 953 317 1034 qnod
340 954 474 1018 scienter
496 958 590 1034 atque
613 952 775 1031 aptissime
803 953 842 1016 ad
873 972 998 1021 sensum
1021 953 1304 1020 Raucbensteinius

234 1056 410 1120 emendavit
433 1055 613 1120 scribendo:
630 1094 671 1104 -
686 1057 729 1123 σύ·
752 1060 784 1122 τί
802 1084 850 1136 μοι
874 1056 971 1144 χρόνῳ
985 1065 1089 1125 πλέοσι
1114 1055 1169 1120 sed
1185 1055 1304 1120 rectius

188 1147 189 1150 '
232 1156 366 1224 fortasse
389 1177 489 1241 neque
512 1162 618 1222 tarnen
639 1158 762 1238 longius
786 1158 824 1223 de
847 1160 982 1224 traditae
1004 1158 1147 1223 lectionis
1162 1157 1304 1236 vestigiis

234 1261 408 1327 declinans:
493 1325 495 1332 ,

438 1366 490 1431 ούκ
512 1364 571 1432 ἔστ’
593 1366 693 1442 ἄλυξις
716 1367 781 1432 odda
802 1393 851 1446 μοι
874 1366 971 1452 χρόνῳ
993 1373 1093 1432 πλέον.

231 1465 275 1530 ita
298 1471 332 1529 nt
355 1467 434 1532 duae
457 1468 594 1550 syllabae
624 1468 797 1549 singulares
820 1505 863 1514 -
885 1473 1017 1536 dEldOl
1041 1465 1159 1530 librarii
1181 1467 1304 1531 incuria

231 1569 263 1631 in
286 1588 382 1633 unum
404 1590 580 1654 nouumque
603 1571 788 1638 vocabulum
809 1571 883 1650 ξένοι
908 1570 1151 1653 comprehensae
1173 1570 1303 1635 videan-

231 1677 290 1735 tur.
313 1711 357 1720 -
379 1675 496 1740 Versus
535 1675 727 1760 subsequens
766 1695 803 1740 ea
841 1694 902 1758 qua
940 1673 1088 1740 exhibent
1122 1691 1193 1738 eum
1228 1673 1304 1740 libri

123 1841 125 1844 .
231 1777 386 1858 scriptura
409 1778 526 1860 optimo
549 1779 616 1844 iure
639 1778 767 1844 retineri
790 1784 903 1861 potest.
923 1778 1020 1844 verba
1043 1777 1125 1842 enim
1148 1776 1161 1844 ὁ
1184 1777 1303 1846 δ’ὕστε-

229 1879 278 1953 ric
300 1908 333 1957 pa
355 1879 406 1947 τσῢ
427 1882 534 1968 χρὸσσιι
557 1883 766 1970 πρεσβεύεται,
798 1882 910 1965 quibus
943 1882 1028 1946 chori
1053 1881 1229 1957 continetur
1251 1900 1303 1946 re-

230 1983 369 2062 sponsio,
399 1984 449 2047 σὺ(
471 1985 503 2050 in
533 1987 626 2050 aliam
656 1987 842 2052 sententiam
872 1984 971 2068 accipi
992 1989 1125 2066 possunt
1149 2003 1243 2066 quam
1266 1991 1302 2049 ut

230 2083 438 2164 explicentur:
484 2087 567 2168 quod
604 2089 645 2153 ad
678 2095 815 2169 tempus,
854 2093 1047 2169 postremum
1083 2087 1163 2151 scito
1197 2087 1302 2168 prima

228 2192 355 2253 tenere«
378 2191 409 2254 h.
434 2210 460 2270 e,
484 2210 556 2255 eum
579 2192 631 2273 qui
654 2192 695 2257 sit
717 2199 894 2272 postremus
917 2191 1011 2271 primi
1033 2191 1101 2254 loco
1116 2189 1311 2282 habendum

230 2309 299 2358 esse
330 2299 481 2373 quatenus
510 2295 679 2376 plurimum
709 2295 738 2358 ei
756 2294 903 2376 supersit
931 2292 1081 2374 temporis
1104 2292 1145 2358 ad
1168 2293 1299 2358 consilia

228 2413 286 2476 pro
308 2415 342 2459 re
372 2415 409 2462 ac
438 2393 581 2482 tempore
603 2405 635 2462 et
665 2399 816 2482 capienda
839 2403 871 2464 et
893 2395 1100 2480 exsequenda.
1130 2403 1224 2478 atque
1253 2395 1299 2462 nil

228 2498 373 2578 interest,
405 2505 509 2566 utrum
539 2491 579 2565 ad
607 2500 729 2577 ’ύσσσιισε
757 2522 797 2566 an
828 2502 867 2566 ad
899 2500 1091 2588 πρεσβεύεται
1124 2499 1298 2580 genitivum

228 2601 279 2668 τσῢ
315 2604 422 2690 χρόνου
450 2603 648 2670 referendum
677 2623 819 2684 censeas3
857 2610 989 2686 utraque
1019 2603 1101 2666 enim
1129 2601 1299 2668 verborum

227 2709 385 2772 structura
420 2708 451 2772 in
488 2709 619 2774 eandem
656 2708 842 2774 sententiam
875 2706 965 2772 redit
1005 2725 1084 2787 quae
1113 2724 1187 2770 vero
1225 2725 1298 2772 cum

227 2810 343 2892 optime
378 2811 512 2892 quadret
542 2813 574 2876 in
601 2831 684 2892 rem,
721 2812 847 2877 minime
882 2815 950 2876 erat
979 2811 1062 2891 qnod
1095 2809 1140 2874 vir
1169 2808 1297 2892 quidam

227 2911 426 2978 doctissimus
458 2913 593 2979 traditae
624 2914 798 2996 scripturae
820 2915 928 2978 vitium
961 2912 1089 2978 subesse
1113 2911 1297 2978 existimans

227 3013 311 3078 bunc
333 3014 364 3078 in
388 3015 515 3080 modum
539 3035 608 3081 earn
632 3016 817 3098 corrigeret:
841 3016 855 3082 ὁ
876 3015 897 3080 δ’
922 3013 1044 3090 ὕστατος
1067 3021 1102 3096 γέ
1123 3043 1173 3082 σου
1190 3015 1298 3102 χρὸσσε

226 3123 428 3206 πρεσβεύεται.

331 3223 565 3290 rasa-lasa
610 3225 713 3290 Foede
738 3243 813 3290 sane
839 3222 1014 3288 deformata
1036 3228 1110 3290 snut
1132 3241 1211 3306 quae
1234 3220 1297 3288 hoc

224 3327 293 3391 loco
315 3326 346 3390 in
369 3327 455 3392 libris
479 3330 596 3410 scripta
618 3329 776 3408 leguntur:
805 3334 862 3402 τοῖς
886 3333 966 3408 ἐμοῖς
988 3328 1135 3414 σιμαίνρσιε
1150 3323 1154 3412 Ι
1168 3331 1297 3412 §palpati

225 3429 345 3512 φονεύσι
364 3438 426 3520 σοῖς
449 3437 529 3513 ἐμοῖς
551 3439 636 3498 τίνειν
659 3430 739 3514 opaci·
763 3450 822 3515 quo
846 3430 941 3512 igitur
964 3431 1133 3513 simplicius
1156 3429 1297 3512 planius·

225 3551 285 3614 quc
309 3535 461 3618 quispiam
486 3555 523 3602 ea
553 3535 736 3614 correxerit,
770 3555 806 3600 eo
836 3535 1029 3616 probabilius
1058 3535 1191 3617 pristina
1220 3553 1296 3600 auc-

224 3640 301 3705 toris
323 3639 420 3706 uerba
448 3641 625 3723 repperisse
653 3639 713 3706 sibi
742 3639 939 3722 persuadeat.
974 3644 1006 3704 et
1036 3639 1230 3720 aliquatenus
1261 3639 1296 3706 id

224 3743 367 3824 equidem
392 3744 467 3810 mihi
490 3751 652 3812 assecutus
676 3763 745 3810 esse
767 3743 877 3810 videor
899 3743 1079 3810 scribendo:

721 3846 790 3936 ἡλίῳ
814 3849 835 3912 δ’
860 3846 1032 3930 ἐπεύχομαι

428 3952 501 4039 πρὸς
522 3951 646 4018 &aaaron
670 3951 735 4034 φύς
757 3957 814 4024 ccii
838 3958 917 4032 ἐμοῑζ
939 3951 1083 4038 τιμαύρσις

429 4057 563 4143 ἐχθρούς
585 4055 695 4137 donoro}
719 4056 790 4122 τόνδ’
815 4055 886 4134 ἐμὸν
908 4056 994 4121 τίνειν
1017 4051 1105 4135 φύνον

426 4160 527 4246 δούλης
548 4158 693 4244 duodeq-
714 4156 854 4246 εύμσιρούς
875 4155 1070 4245 χειρώματος.
