<?xml version="1.0" encoding="UTF-8"?>
<!DOCTYPE html PUBLIC "-//W3C//DTD XHTML 1.0 Transitional//EN"
    "http://www.w3.org/TR/xhtml1/DTD/xhtml1-transitional.dtd">
<html xmlns="http://www.w3.org/1999/xhtml" xml:lang="en" lang="en">
 <head>
  <title>
</title>
<meta http-equiv="Content-Type" content="text/html;charset=utf-8" />
  <meta name='ocr-system' content='tesseract 3.04.00' />
  <meta name='ocr-capabilities' content='ocr_page ocr_carea ocr_par ocr_line ocrx_word'/>
</head>
<body>
  <div class='ocr_page' id='page_1' title='image "./observationescr00schmgoog_0017.png"; bbox 0 0 2856 4698; ppageno 0'>
   <div class='ocr_carea' id='block_1_1' title="bbox 646 244 860 312">
    <p class='ocr_par' dir='ltr' id='par_1_1' title="bbox 646 244 860 312">
     <span class='ocr_line' id='line_1_1' title="bbox 646 244 860 312; baseline -0.009 -15"><span class='ocrx_word' id='word_1_1' title='bbox 646 244 860 312; x_wconf 65' lang='lat'>..12-</span> 
     </span>
    </p>
   </div>
   <div class='ocr_carea' id='block_1_2' title="bbox 212 430 1292 3099">
    <p class='ocr_par' dir='ltr' id='par_1_2' title="bbox 212 430 1292 3099">
     <span class='ocr_line' id='line_1_2' title="bbox 216 430 1286 524; baseline -0.004 -24"><span class='ocrx_word' id='word_1_2' title='bbox 216 447 266 524; x_wconf 74' lang='grc' dir='ltr'>φρ.</span> <span class='ocrx_word' id='word_1_3' title='bbox 297 439 330 500; x_wconf 90' lang='lat' dir='ltr'>et</span> <span class='ocrx_word' id='word_1_4' title='bbox 358 434 468 516; x_wconf 70' lang='grc' dir='ltr'>λέγοιμ’</span> <span class='ocrx_word' id='word_1_5' title='bbox 500 433 536 500; x_wconf 68' lang='grc' dir='ltr'>ἄν</span> <span class='ocrx_word' id='word_1_6' title='bbox 567 431 686 498; x_wconf 87' lang='lat' dir='ltr'>inserta</span> <span class='ocrx_word' id='word_1_7' title='bbox 721 430 826 498; x_wconf 86' lang='lat' dir='ltr'>verbis</span> <span class='ocrx_word' id='word_1_8' title='bbox 863 430 1114 514; x_wconf 74' lang='lat' dir='ltr'>discrepantibus</span> <span class='ocrx_word' id='word_1_9' title='bbox 1152 431 1286 498; x_wconf 83' lang='lat' dir='ltr'>eandam</span> 
     </span>
     <span class='ocr_line' id='line_1_3' title="bbox 215 534 1286 623; baseline 0 -19"><span class='ocrx_word' id='word_1_10' title='bbox 215 557 344 623; x_wconf 87' lang='lat' dir='ltr'>prorsus</span> <span class='ocrx_word' id='word_1_11' title='bbox 366 537 483 604; x_wconf 83' lang='lat' dir='ltr'>iterant</span> <span class='ocrx_word' id='word_1_12' title='bbox 504 537 693 604; x_wconf 75' lang='lat' dir='ltr'>sententiam</span> <span class='ocrx_word' id='word_1_13' title='bbox 716 555 796 620; x_wconf 88' lang='lat' dir='ltr'>quae</span> <span class='ocrx_word' id='word_1_14' title='bbox 818 536 924 604; x_wconf 85' lang='lat' dir='ltr'>verbis</span> <span class='ocrx_word' id='word_1_15' title='bbox 945 534 1042 606; x_wconf 70' lang='grc' dir='ltr'><strong><em>ταῦτα</em></strong></span> <span class='ocrx_word' id='word_1_16' title='bbox 1065 549 1166 605; x_wconf 62' lang='grc' dir='ltr'><em>πάντα</em></span> <span class='ocrx_word' id='word_1_17' title='bbox 1187 535 1286 606; x_wconf 64' lang='lat' dir='ltr'>atrine</span> 
     </span>
     <span class='ocr_line' id='line_1_4' title="bbox 212 640 1287 727; baseline -0.002 -19"><span class='ocrx_word' id='word_1_18' title='bbox 212 643 280 727; x_wconf 87' lang='lat' dir='ltr'>jem</span> <span class='ocrx_word' id='word_1_19' title='bbox 302 640 379 708; x_wconf 88' lang='lat' dir='ltr'>satis</span> <span class='ocrx_word' id='word_1_20' title='bbox 401 659 551 722; x_wconf 83' lang='lat' dir='ltr'>expressa</span> <span class='ocrx_word' id='word_1_21' title='bbox 572 645 629 707; x_wconf 87' lang='lat' dir='ltr'>est.</span> <span class='ocrx_word' id='word_1_22' title='bbox 681 659 779 724; x_wconf 85' lang='lat' dir='ltr'>quare</span> <span class='ocrx_word' id='word_1_23' title='bbox 809 640 916 707; x_wconf 87' lang='lat' dir='ltr'>nescio</span> <span class='ocrx_word' id='word_1_24' title='bbox 944 659 985 706; x_wconf 85' lang='lat' dir='ltr'>au</span> <span class='ocrx_word' id='word_1_25' title='bbox 1016 641 1061 706; x_wconf 87' lang='lat' dir='ltr'>ite</span> <span class='ocrx_word' id='word_1_26' title='bbox 1082 640 1200 706; x_wconf 88' lang='lat' dir='ltr'>rectius</span> <span class='ocrx_word' id='word_1_27' title='bbox 1222 645 1287 706; x_wconf 88' lang='lat' dir='ltr'>stn-</span> 
     </span>
     <span class='ocr_line' id='line_1_5' title="bbox 215 737 1287 814; baseline -0.002 -2"><span class='ocrx_word' id='word_1_28' title='bbox 215 745 367 812; x_wconf 87' lang='lat' dir='ltr'>tuendum</span> <span class='ocrx_word' id='word_1_29' title='bbox 389 743 534 810; x_wconf 89' lang='lat' dir='ltr'>videatur</span> <span class='ocrx_word' id='word_1_30' title='bbox 556 763 683 812; x_wconf 86' lang='lat' dir='ltr'>versum</span> <span class='ocrx_word' id='word_1_31' title='bbox 699 749 761 810; x_wconf 85' lang='lat'>879</span> <span class='ocrx_word' id='word_1_32' title='bbox 785 764 856 812; x_wconf 88' lang='lat' dir='ltr'>oum</span> <span class='ocrx_word' id='word_1_33' title='bbox 872 745 977 811; x_wconf 88' lang='lat' dir='ltr'>verbis</span> <span class='ocrx_word' id='word_1_34' title='bbox 999 743 1048 814; x_wconf 76' lang='grc' dir='ltr'>νῦν</span> <span class='ocrx_word' id='word_1_35' title='bbox 1069 742 1165 813; x_wconf 72' lang='grc' dir='ltr'><strong>ταῦτα</strong></span> <span class='ocrx_word' id='word_1_36' title='bbox 1188 737 1287 812; x_wconf 67' lang='grc' dir='ltr'><em>πάντα</em></span> 
     </span>
     <span class='ocr_line' id='line_1_6' title="bbox 215 841 1287 936; baseline -0.007 -18"><span class='ocrx_word' id='word_1_37' title='bbox 215 847 297 918; x_wconf 64' lang='lat' dir='ltr'>ataid</span> <span class='ocrx_word' id='word_1_38' title='bbox 321 841 481 936; x_wconf 63' lang='grc' dir='ltr'>ἀπενθήτῳ</span> <span class='ocrx_word' id='word_1_39' title='bbox 503 852 593 936; x_wconf 74' lang='grc' dir='ltr'><strong><em>φρενί</em></strong></span> <span class='ocrx_word' id='word_1_40' title='bbox 618 849 668 916; x_wconf 72' lang='lat' dir='ltr'>obv</span> <span class='ocrx_word' id='word_1_41' title='bbox 685 849 733 914; x_wconf 91' lang='lat' dir='ltr'>rei</span> <span class='ocrx_word' id='word_1_42' title='bbox 763 848 999 916; x_wconf 87' lang='lat' dir='ltr'>similitudinem</span> <span class='ocrx_word' id='word_1_43' title='bbox 1027 851 1102 929; x_wconf 89' lang='lat' dir='ltr'>apte</span> <span class='ocrx_word' id='word_1_44' title='bbox 1125 865 1287 928; x_wconf 82' lang='lat' dir='ltr'>compara·</span> 
     </span>
     <span class='ocr_line' id='line_1_7' title="bbox 216 948 1287 1034; baseline -0.003 -17"><span class='ocrx_word' id='word_1_45' title='bbox 216 958 286 1017; x_wconf 91' lang='lat' dir='ltr'>tum</span> <span class='ocrx_word' id='word_1_46' title='bbox 317 955 351 1017; x_wconf 88' lang='lat' dir='ltr'>at</span> <span class='ocrx_word' id='word_1_47' title='bbox 378 950 419 1016; x_wconf 88' lang='lat' dir='ltr'>ad</span> <span class='ocrx_word' id='word_1_48' title='bbox 447 951 610 1034; x_wconf 79' lang='lat' dir='ltr'>archetypi</span> <span class='ocrx_word' id='word_1_49' title='bbox 640 952 815 1033; x_wconf 77' lang='lat' dir='ltr'>marginem</span> <span class='ocrx_word' id='word_1_50' title='bbox 843 950 1036 1032; x_wconf 84' lang='lat' dir='ltr'>adscriptum</span> <span class='ocrx_word' id='word_1_51' title='bbox 1064 968 1136 1016; x_wconf 84' lang='lat' dir='ltr'>mox</span> <span class='ocrx_word' id='word_1_52' title='bbox 1158 949 1232 1015; x_wconf 91' lang='lat' dir='ltr'>inde</span> <span class='ocrx_word' id='word_1_53' title='bbox 1253 948 1287 1015; x_wconf 92' lang='lat' dir='ltr'>in</span> 
     </span>
     <span class='ocr_line' id='line_1_8' title="bbox 216 1050 1286 1134; baseline -0.001 -17"><span class='ocrx_word' id='word_1_54' title='bbox 216 1053 286 1133; x_wconf 89' lang='lat' dir='ltr'>ipsa</span> <span class='ocrx_word' id='word_1_55' title='bbox 307 1050 446 1116; x_wconf 88' lang='lat' dir='ltr'>auctoris</span> <span class='ocrx_word' id='word_1_56' title='bbox 468 1051 565 1118; x_wconf 88' lang='lat' dir='ltr'>verba</span> <span class='ocrx_word' id='word_1_57' title='bbox 586 1052 837 1134; x_wconf 87' lang='lat' dir='ltr'>transmigrasse.</span> <span class='ocrx_word' id='word_1_58' title='bbox 882 1050 965 1116; x_wconf 87' lang='lat' dir='ltr'>ultre</span> <span class='ocrx_word' id='word_1_59' title='bbox 981 1055 1087 1116; x_wconf 88' lang='lat' dir='ltr'>autam</span> <span class='ocrx_word' id='word_1_60' title='bbox 1110 1067 1205 1132; x_wconf 91' lang='lat' dir='ltr'>quam</span> <span class='ocrx_word' id='word_1_61' title='bbox 1227 1068 1286 1131; x_wconf 87' lang='lat' dir='ltr'>per</span> 
     </span>
     <span class='ocr_line' id='line_1_9' title="bbox 217 1152 1286 1239; baseline -0.001 -18"><span class='ocrx_word' id='word_1_62' title='bbox 217 1160 267 1222; x_wconf 88' lang='lat' dir='ltr'>est</span> <span class='ocrx_word' id='word_1_63' title='bbox 295 1155 333 1222; x_wconf 74' lang='lat' dir='ltr'>G,</span> <span class='ocrx_word' id='word_1_64' title='bbox 361 1152 545 1221; x_wconf 86' lang='lat' dir='ltr'>Diodorfius</span> <span class='ocrx_word' id='word_1_65' title='bbox 574 1155 607 1220; x_wconf 91' lang='lat' dir='ltr'>in</span> <span class='ocrx_word' id='word_1_66' title='bbox 639 1156 685 1222; x_wconf 88' lang='lat' dir='ltr'>eis</span> <span class='ocrx_word' id='word_1_67' title='bbox 713 1174 899 1239; x_wconf 86' lang='lat' dir='ltr'>progressus</span> <span class='ocrx_word' id='word_1_68' title='bbox 929 1159 979 1222; x_wconf 85' lang='lat' dir='ltr'>est</span> <span class='ocrx_word' id='word_1_69' title='bbox 1008 1172 1088 1236; x_wconf 89' lang='lat' dir='ltr'>quae</span> <span class='ocrx_word' id='word_1_70' title='bbox 1110 1159 1219 1220; x_wconf 85' lang='lat' dir='ltr'>nostro</span> <span class='ocrx_word' id='word_1_71' title='bbox 1245 1152 1286 1220; x_wconf 89' lang='lat' dir='ltr'>de</span> 
     </span>
     <span class='ocr_line' id='line_1_10' title="bbox 216 1257 1286 1342; baseline 0 -18"><span class='ocrx_word' id='word_1_72' title='bbox 216 1259 286 1325; x_wconf 93' lang='lat' dir='ltr'>loco</span> <span class='ocrx_word' id='word_1_73' title='bbox 324 1258 457 1340; x_wconf 87' lang='lat' dir='ltr'>protulit</span> <span class='ocrx_word' id='word_1_74' title='bbox 491 1259 524 1324; x_wconf 92' lang='lat' dir='ltr'>in</span> <span class='ocrx_word' id='word_1_75' title='bbox 560 1259 706 1326; x_wconf 87' lang='lat' dir='ltr'>editionis</span> <span class='ocrx_word' id='word_1_76' title='bbox 743 1279 819 1328; x_wconf 86' lang='lat' dir='ltr'>suae</span> <span class='ocrx_word' id='word_1_77' title='bbox 849 1257 908 1341; x_wconf 81' lang='lat' dir='ltr'>pri.</span> <span class='ocrx_word' id='word_1_78' title='bbox 939 1279 968 1342; x_wconf 93' lang='lat' dir='ltr'>p.</span> <span class='ocrx_word' id='word_1_79' title='bbox 1001 1258 1136 1337; x_wconf 85' lang='lat' dir='ltr'>XLVIl3</span> <span class='ocrx_word' id='word_1_80' title='bbox 1174 1259 1206 1322; x_wconf 89' lang='lat' dir='ltr'>in</span> <span class='ocrx_word' id='word_1_81' title='bbox 1237 1277 1286 1324; x_wconf 83' lang='lat' dir='ltr'>vu.</span> 
     </span>
     <span class='ocr_line' id='line_1_11' title="bbox 218 1359 1287 1444; baseline -0.003 -17"><span class='ocrx_word' id='word_1_82' title='bbox 218 1365 388 1428; x_wconf 75' lang='lat' dir='ltr'>ata-879</span> <span class='ocrx_word' id='word_1_83' title='bbox 419 1360 503 1428; x_wconf 88' lang='lat' dir='ltr'>enim</span> <span class='ocrx_word' id='word_1_84' title='bbox 532 1362 578 1426; x_wconf 87' lang='lat' dir='ltr'>ait</span> <span class='ocrx_word' id='word_1_85' title='bbox 609 1362 839 1430; x_wconf 86' lang='lat' dir='ltr'>diversissimas</span> <span class='ocrx_word' id='word_1_86' title='bbox 869 1360 1119 1444; x_wconf 87' lang='lat' dir='ltr'>comparationes</span> <span class='ocrx_word' id='word_1_87' title='bbox 1148 1359 1193 1426; x_wconf 88' lang='lat' dir='ltr'>ita</span> <span class='ocrx_word' id='word_1_88' title='bbox 1216 1377 1287 1426; x_wconf 86' lang='lat' dir='ltr'>csse</span> 
     </span>
     <span class='ocr_line' id='line_1_12' title="bbox 219 1461 1285 1549; baseline -0.005 -19"><span class='ocrx_word' id='word_1_89' title='bbox 219 1461 394 1530; x_wconf 84' lang='lat' dir='ltr'>cumulatas</span> <span class='ocrx_word' id='word_1_90' title='bbox 416 1467 538 1528; x_wconf 87' lang='lat' dir='ltr'>utnon</span> <span class='ocrx_word' id='word_1_91' title='bbox 560 1463 758 1549; x_wconf 79' lang='lat' dir='ltr'>Aeschylum,</span> <span class='ocrx_word' id='word_1_92' title='bbox 781 1463 838 1532; x_wconf 85' lang='lat' dir='ltr'>sed</span> <span class='ocrx_word' id='word_1_93' title='bbox 860 1464 1059 1532; x_wconf 88' lang='lat' dir='ltr'>Theodorum</span> <span class='ocrx_word' id='word_1_94' title='bbox 1077 1461 1285 1527; x_wconf 88' lang='lat' dir='ltr'>Prodromum</span> 
     </span>
     <span class='ocr_line' id='line_1_13' title="bbox 218 1563 1287 1650; baseline -0.002 -18"><span class='ocrx_word' id='word_1_95' title='bbox 218 1563 399 1647; x_wconf 88' lang='lat' dir='ltr'>similesque</span> <span class='ocrx_word' id='word_1_96' title='bbox 429 1571 540 1647; x_wconf 83' lang='lat' dir='ltr'>poetas</span> <span class='ocrx_word' id='word_1_97' title='bbox 569 1567 679 1634; x_wconf 87' lang='lat' dir='ltr'>audire</span> <span class='ocrx_word' id='word_1_98' title='bbox 708 1568 872 1634; x_wconf 85' lang='lat' dir='ltr'>videamur</span> <span class='ocrx_word' id='word_1_99' title='bbox 900 1567 954 1650; x_wconf 91' lang='lat' dir='ltr'>qui</span> <span class='ocrx_word' id='word_1_100' title='bbox 980 1567 1014 1632; x_wconf 93' lang='lat' dir='ltr'>in</span> <span class='ocrx_word' id='word_1_101' title='bbox 1035 1566 1096 1633; x_wconf 93' lang='lat' dir='ltr'>hoc</span> <span class='ocrx_word' id='word_1_102' title='bbox 1119 1581 1287 1646; x_wconf 82' lang='lat' dir='ltr'>exaggera-</span> 
     </span>
     <span class='ocr_line' id='line_1_14' title="bbox 218 1667 1288 1755; baseline -0.001 -21"><span class='ocrx_word' id='word_1_103' title='bbox 218 1673 322 1734; x_wconf 87' lang='lat' dir='ltr'>tarum</span> <span class='ocrx_word' id='word_1_104' title='bbox 344 1669 589 1753; x_wconf 85' lang='lat' dir='ltr'>descriptionum</span> <span class='ocrx_word' id='word_1_105' title='bbox 610 1691 726 1754; x_wconf 84' lang='lat' dir='ltr'>genere</span> <span class='ocrx_word' id='word_1_106' title='bbox 748 1672 882 1742; x_wconf 90' lang='lat' dir='ltr'>multum</span> <span class='ocrx_word' id='word_1_107' title='bbox 905 1672 1001 1740; x_wconf 89' lang='lat' dir='ltr'>studii</span> <span class='ocrx_word' id='word_1_108' title='bbox 1022 1671 1194 1755; x_wconf 87' lang='lat' dir='ltr'>posuerint.</span> <span class='ocrx_word' id='word_1_109' title='bbox 1247 1667 1288 1734; x_wconf 90' lang='lat' dir='ltr'>dc</span> 
     </span>
     <span class='ocr_line' id='line_1_15' title="bbox 220 1771 1286 1857; baseline -0.001 -20"><span class='ocrx_word' id='word_1_110' title='bbox 220 1789 281 1853; x_wconf 92' lang='lat' dir='ltr'>quo</span> <span class='ocrx_word' id='word_1_111' title='bbox 300 1771 367 1854; x_wconf 78' lang='lat' dir='ltr'>Jam</span> <span class='ocrx_word' id='word_1_112' title='bbox 389 1792 502 1840; x_wconf 86' lang='lat' dir='ltr'>vereor</span> <span class='ocrx_word' id='word_1_113' title='bbox 522 1793 564 1840; x_wconf 92' lang='lat' dir='ltr'>ne</span> <span class='ocrx_word' id='word_1_114' title='bbox 586 1777 751 1842; x_wconf 85' lang='lat' dir='ltr'>nonsatis</span> <span class='ocrx_word' id='word_1_115' title='bbox 774 1777 1000 1857; x_wconf 87' lang='lat' dir='ltr'>circumspecte</span> <span class='ocrx_word' id='word_1_116' title='bbox 1022 1774 1065 1840; x_wconf 87' lang='lat' dir='ltr'>sit</span> <span class='ocrx_word' id='word_1_117' title='bbox 1085 1772 1286 1841; x_wconf 81' lang='lat' dir='ltr'>affirmatum.</span> 
     </span>
     <span class='ocr_line' id='line_1_16' title="bbox 219 1875 1287 1960; baseline 0.003 -21"><span class='ocrx_word' id='word_1_118' title='bbox 219 1892 294 1956; x_wconf 90' lang='lat' dir='ltr'>ergo</span> <span class='ocrx_word' id='word_1_119' title='bbox 324 1875 429 1940; x_wconf 88' lang='lat' dir='ltr'>omnia</span> <span class='ocrx_word' id='word_1_120' title='bbox 456 1876 518 1944; x_wconf 86' lang='lat' dir='ltr'>ista</span> <span class='ocrx_word' id='word_1_121' title='bbox 546 1878 756 1960; x_wconf 88' lang='lat' dir='ltr'>circumsepta</span> <span class='ocrx_word' id='word_1_122' title='bbox 792 1883 867 1946; x_wconf 85' lang='lat' dir='ltr'>sunt</span> <span class='ocrx_word' id='word_1_123' title='bbox 897 1877 1043 1946; x_wconf 87' lang='lat' dir='ltr'>cancellis</span> <span class='ocrx_word' id='word_1_124' title='bbox 1080 1881 1113 1942; x_wconf 86' lang='lat' dir='ltr'>et</span> <span class='ocrx_word' id='word_1_125' title='bbox 1142 1875 1287 1956; x_wconf 82' lang='lat' dir='ltr'>&#39;abieota3</span> 
     </span>
     <span class='ocr_line' id='line_1_17' title="bbox 219 1979 1288 2072; baseline 0 -29"><span class='ocrx_word' id='word_1_126' title='bbox 219 1997 247 2043; x_wconf 86' lang='lat' dir='ltr'>v.</span> <span class='ocrx_word' id='word_1_127' title='bbox 278 1981 341 2043; x_wconf 83' lang='lat'>870</span> <span class='ocrx_word' id='word_1_128' title='bbox 376 1985 495 2056; x_wconf 61' lang='grc' dir='ltr'>τοιοᾶδέ</span> <span class='ocrx_word' id='word_1_129' title='bbox 529 1985 578 2051; x_wconf 76' lang='lat' dir='ltr'>roi</span> <span class='ocrx_word' id='word_1_130' title='bbox 609 2009 652 2050; x_wconf 80' lang='grc' dir='ltr'>νιν</span> <span class='ocrx_word' id='word_1_131' title='bbox 687 1983 759 2060; x_wconf 68' lang='grc' dir='ltr'>ἀξιῶ</span> <span class='ocrx_word' id='word_1_132' title='bbox 794 1987 1044 2072; x_wconf 58' lang='lat' dir='ltr'>renco-&amp;spemn</span> <span class='ocrx_word' id='word_1_133' title='bbox 1076 1979 1288 2046; x_wconf 82' lang='lat' dir='ltr'>retinebitur?</span> 
     </span>
     <span class='ocr_line' id='line_1_18' title="bbox 220 2079 1287 2169; baseline 0.003 -23"><span class='ocrx_word' id='word_1_134' title='bbox 220 2079 305 2162; x_wconf 90' lang='lat' dir='ltr'>quod</span> <span class='ocrx_word' id='word_1_135' title='bbox 325 2099 478 2162; x_wconf 87' lang='lat' dir='ltr'>perquam</span> <span class='ocrx_word' id='word_1_136' title='bbox 500 2085 624 2150; x_wconf 88' lang='lat' dir='ltr'>mirum.</span> <span class='ocrx_word' id='word_1_137' title='bbox 669 2087 725 2153; x_wconf 88' lang='lat' dir='ltr'>sed</span> <span class='ocrx_word' id='word_1_138' title='bbox 747 2106 788 2153; x_wconf 91' lang='lat' dir='ltr'>ue</span> <span class='ocrx_word' id='word_1_139' title='bbox 811 2088 885 2169; x_wconf 89' lang='lat' dir='ltr'>quid</span> <span class='ocrx_word' id='word_1_140' title='bbox 901 2085 1042 2154; x_wconf 84' lang='lat' dir='ltr'>offendes</span> <span class='ocrx_word' id='word_1_141' title='bbox 1064 2085 1097 2151; x_wconf 92' lang='lat' dir='ltr'>iu</span> <span class='ocrx_word' id='word_1_142' title='bbox 1120 2083 1180 2150; x_wconf 88' lang='lat' dir='ltr'>hac</span> <span class='ocrx_word' id='word_1_143' title='bbox 1203 2102 1287 2150; x_wconf 89' lang='lat' dir='ltr'>com-</span> 
     </span>
     <span class='ocr_line' id='line_1_19' title="bbox 220 2184 1288 2272; baseline 0.002 -22"><span class='ocrx_word' id='word_1_144' title='bbox 220 2184 416 2265; x_wconf 85' lang='lat' dir='ltr'>parationum</span> <span class='ocrx_word' id='word_1_145' title='bbox 448 2186 641 2254; x_wconf 89' lang='lat' dir='ltr'>abundantia</span> <span class='ocrx_word' id='word_1_146' title='bbox 671 2195 765 2272; x_wconf 88' lang='lat' dir='ltr'>atqua</span> <span class='ocrx_word' id='word_1_147' title='bbox 797 2190 1006 2257; x_wconf 78' lang='lat' dir='ltr'>cumulatione</span> <span class='ocrx_word' id='word_1_148' title='bbox 1030 2188 1061 2253; x_wconf 95' lang='lat' dir='ltr'>id</span> <span class='ocrx_word' id='word_1_149' title='bbox 1084 2192 1157 2254; x_wconf 85' lang='lat' dir='ltr'>anta</span> <span class='ocrx_word' id='word_1_150' title='bbox 1181 2187 1288 2253; x_wconf 90' lang='lat' dir='ltr'>omnia</span> 
     </span>
     <span class='ocr_line' id='line_1_20' title="bbox 220 2286 1287 2372; baseline 0.006 -21"><span class='ocrx_word' id='word_1_151' title='bbox 220 2291 269 2352; x_wconf 85' lang='lat' dir='ltr'>est</span> <span class='ocrx_word' id='word_1_152' title='bbox 299 2286 611 2358; x_wconf 86' lang='lat' dir='ltr'>animadvertendum</span> <span class='ocrx_word' id='word_1_153' title='bbox 638 2293 713 2358; x_wconf 89' lang='lat' dir='ltr'>inde</span> <span class='ocrx_word' id='word_1_154' title='bbox 742 2293 888 2360; x_wconf 84' lang='lat' dir='ltr'>averbis</span> <span class='ocrx_word' id='word_1_155' title='bbox 911 2292 964 2362; x_wconf 78' lang='grc' dir='ltr'>νὸν</span> <span class='ocrx_word' id='word_1_156' title='bbox 985 2290 1080 2360; x_wconf 70' lang='grc' dir='ltr'><em>ταῦτα</em></span> <span class='ocrx_word' id='word_1_157' title='bbox 1102 2288 1200 2359; x_wconf 73' lang='grc' dir='ltr'><strong><em>πάντα</em></strong></span> <span class='ocrx_word' id='word_1_158' title='bbox 1223 2308 1287 2372; x_wconf 85' lang='lat' dir='ltr'>eqs.</span> 
     </span>
     <span class='ocr_line' id='line_1_21' title="bbox 219 2386 1289 2483; baseline 0.007 -29"><span class='ocrx_word' id='word_1_159' title='bbox 219 2407 319 2472; x_wconf 88' lang='lat' dir='ltr'>usqua</span> <span class='ocrx_word' id='word_1_160' title='bbox 342 2390 384 2456; x_wconf 93' lang='lat' dir='ltr'>ad</span> <span class='ocrx_word' id='word_1_161' title='bbox 405 2386 610 2481; x_wconf 65' lang='grc' dir='ltr'>ἠνειχόμεσθα</span> <span class='ocrx_word' id='word_1_162' title='bbox 631 2397 692 2480; x_wconf 86' lang='lat' dir='ltr'>(vv.</span> <span class='ocrx_word' id='word_1_163' title='bbox 711 2397 895 2483; x_wconf 24' lang='lat' dir='ltr'>scu-¹872)</span> <span class='ocrx_word' id='word_1_164' title='bbox 919 2396 1202 2481; x_wconf 74' lang='lat' dir='ltr'>Clytaemnestram</span> <span class='ocrx_word' id='word_1_165' title='bbox 1224 2413 1289 2462; x_wconf 89' lang='lat' dir='ltr'>non</span> 
     </span>
     <span class='ocr_line' id='line_1_22' title="bbox 220 2492 1290 2583; baseline 0.003 -24"><span class='ocrx_word' id='word_1_166' title='bbox 220 2492 262 2559; x_wconf 90' lang='lat' dir='ltr'>ad</span> <span class='ocrx_word' id='word_1_167' title='bbox 284 2493 550 2576; x_wconf 84' lang='lat' dir='ltr'>Agamemnonem</span> <span class='ocrx_word' id='word_1_168' title='bbox 573 2518 757 2568; x_wconf 86' lang='lat' dir='ltr'>conversam</span> <span class='ocrx_word' id='word_1_169' title='bbox 779 2500 865 2583; x_wconf 92' lang='lat' dir='ltr'>loqui</span> <span class='ocrx_word' id='word_1_170' title='bbox 887 2501 945 2567; x_wconf 88' lang='lat' dir='ltr'>sed</span> <span class='ocrx_word' id='word_1_171' title='bbox 973 2499 1015 2564; x_wconf 89' lang='lat' dir='ltr'>ad</span> <span class='ocrx_word' id='word_1_172' title='bbox 1044 2498 1188 2576; x_wconf 78' lang='lat' dir='ltr'>rhomum,</span> <span class='ocrx_word' id='word_1_173' title='bbox 1217 2497 1290 2562; x_wconf 91' lang='lat' dir='ltr'>inde</span> 
     </span>
     <span class='ocr_line' id='line_1_23' title="bbox 221 2597 1290 2690; baseline 0.006 -30"><span class='ocrx_word' id='word_1_174' title='bbox 221 2614 241 2660; x_wconf 91' lang='lat' dir='ltr'>a</span> <span class='ocrx_word' id='word_1_175' title='bbox 269 2597 373 2663; x_wconf 90' lang='lat' dir='ltr'>verbis</span> <span class='ocrx_word' id='word_1_176' title='bbox 406 2598 532 2665; x_wconf 90' lang='lat' dir='ltr'>demum</span> <span class='ocrx_word' id='word_1_177' title='bbox 565 2601 615 2670; x_wconf 75' lang='grc' dir='ltr'>νῦν</span> <span class='ocrx_word' id='word_1_178' title='bbox 644 2608 676 2670; x_wconf 76' lang='grc' dir='ltr'>δέ</span> <span class='ocrx_word' id='word_1_179' title='bbox 705 2631 766 2684; x_wconf 80' lang='grc' dir='ltr'>μοι,</span> <span class='ocrx_word' id='word_1_180' title='bbox 796 2608 883 2686; x_wconf 71' lang='lat' dir='ltr'>pstor</span> <span class='ocrx_word' id='word_1_181' title='bbox 912 2597 988 2690; x_wconf 67' lang='lat' dir='ltr'>capa</span> <span class='ocrx_word' id='word_1_182' title='bbox 1018 2617 1083 2684; x_wconf 88' lang='lat' dir='ltr'>eqs.</span> <span class='ocrx_word' id='word_1_183' title='bbox 1113 2602 1153 2667; x_wconf 89' lang='lat' dir='ltr'>ad</span> <span class='ocrx_word' id='word_1_184' title='bbox 1189 2601 1290 2682; x_wconf 84' lang='lat' dir='ltr'>ipsius</span> 
     </span>
     <span class='ocr_line' id='line_1_24' title="bbox 222 2698 1292 2788; baseline 0.005 -26"><span class='ocrx_word' id='word_1_185' title='bbox 222 2698 361 2780; x_wconf 87' lang='lat' dir='ltr'>coniugis</span> <span class='ocrx_word' id='word_1_186' title='bbox 398 2700 642 2783; x_wconf 86' lang='lat' dir='ltr'>appellationem</span> <span class='ocrx_word' id='word_1_187' title='bbox 679 2706 791 2774; x_wconf 89' lang='lat' dir='ltr'>redire.</span> <span class='ocrx_word' id='word_1_188' title='bbox 859 2710 953 2788; x_wconf 87' lang='lat' dir='ltr'>atque</span> <span class='ocrx_word' id='word_1_189' title='bbox 991 2703 1120 2772; x_wconf 84' lang='lat' dir='ltr'>senibus</span> <span class='ocrx_word' id='word_1_190' title='bbox 1155 2701 1218 2768; x_wconf 90' lang='lat' dir='ltr'>illis</span> <span class='ocrx_word' id='word_1_191' title='bbox 1254 2706 1292 2768; x_wconf 88' lang='grc' dir='ltr'>ιιι</span> 
     </span>
     <span class='ocr_line' id='line_1_25' title="bbox 222 2805 1290 2893; baseline 0.004 -26"><span class='ocrx_word' id='word_1_192' title='bbox 222 2808 372 2885; x_wconf 90' lang='lat' dir='ltr'>quantum</span> <span class='ocrx_word' id='word_1_193' title='bbox 394 2805 496 2886; x_wconf 87' lang='lat' dir='ltr'>possit</span> <span class='ocrx_word' id='word_1_194' title='bbox 518 2806 558 2873; x_wconf 91' lang='lat' dir='ltr'>de</span> <span class='ocrx_word' id='word_1_195' title='bbox 579 2805 642 2874; x_wconf 88' lang='lat' dir='ltr'>fide</span> <span class='ocrx_word' id='word_1_196' title='bbox 671 2827 729 2876; x_wconf 85' lang='lat' dir='ltr'>sua</span> <span class='ocrx_word' id='word_1_197' title='bbox 749 2815 845 2893; x_wconf 87' lang='lat' dir='ltr'>atque</span> <span class='ocrx_word' id='word_1_198' title='bbox 866 2828 992 2876; x_wconf 89' lang='lat' dir='ltr'>morum</span> <span class='ocrx_word' id='word_1_199' title='bbox 1013 2808 1195 2890; x_wconf 86' lang='lat' dir='ltr'>integritate</span> <span class='ocrx_word' id='word_1_200' title='bbox 1217 2825 1290 2888; x_wconf 88' lang='lat' dir='ltr'>per·</span> 
     </span>
     <span class='ocr_line' id='line_1_26' title="bbox 223 2905 1290 2994; baseline 0.007 -25"><span class='ocrx_word' id='word_1_201' title='bbox 223 2905 354 2971; x_wconf 88' lang='lat' dir='ltr'>suadeat</span> <span class='ocrx_word' id='word_1_202' title='bbox 382 2907 454 2973; x_wconf 90' lang='lat' dir='ltr'>vida</span> <span class='ocrx_word' id='word_1_203' title='bbox 481 2913 675 2991; x_wconf 85' lang='lat' dir='ltr'>quantopere</span> <span class='ocrx_word' id='word_1_204' title='bbox 704 2917 800 2992; x_wconf 88' lang='lat' dir='ltr'>poeta</span> <span class='ocrx_word' id='word_1_205' title='bbox 829 2915 974 2994; x_wconf 81' lang='lat' dir='ltr'>egregius</span> <span class='ocrx_word' id='word_1_206' title='bbox 996 2911 1083 2976; x_wconf 85' lang='lat' dir='ltr'>illam</span> <span class='ocrx_word' id='word_1_207' title='bbox 1105 2908 1202 2976; x_wconf 82' lang='lat' dir='ltr'>iaciat</span> <span class='ocrx_word' id='word_1_208' title='bbox 1224 2911 1290 2976; x_wconf 86' lang='lat' dir='ltr'>eni-</span> 
     </span>
     <span class='ocr_line' id='line_1_27' title="bbox 222 3013 1291 3099; baseline 0.009 -26"><span class='ocrx_word' id='word_1_209' title='bbox 222 3013 350 3075; x_wconf 87' lang='lat' dir='ltr'>tentem.</span> <span class='ocrx_word' id='word_1_210' title='bbox 413 3031 474 3078; x_wconf 89' lang='lat' dir='ltr'>uno</span> <span class='ocrx_word' id='word_1_211' title='bbox 508 3013 629 3084; x_wconf 90' lang='lat' dir='ltr'>scilicet</span> <span class='ocrx_word' id='word_1_212' title='bbox 663 3016 760 3083; x_wconf 90' lang='lat' dir='ltr'>verbo</span> <span class='ocrx_word' id='word_1_213' title='bbox 796 3017 873 3084; x_wconf 88' lang='lat' dir='ltr'>satis</span> <span class='ocrx_word' id='word_1_214' title='bbox 910 3023 959 3086; x_wconf 88' lang='lat' dir='ltr'>est</span> <span class='ocrx_word' id='word_1_215' title='bbox 993 3016 1170 3085; x_wconf 64' lang='lat' dir='ltr'>adamasse</span> <span class='ocrx_word' id='word_1_216' title='bbox 1206 3037 1291 3099; x_wconf 81' lang='lat' dir='ltr'>vera,</span> 
     </span>
    </p>
   </div>
   <div class='ocr_carea' id='block_1_3' title="bbox 223 3113 1291 3286">
    <p class='ocr_par' dir='ltr' id='par_1_3' title="bbox 223 3113 1291 3286">
     <span class='ocr_line' id='line_1_28' title="bbox 223 3113 1291 3286; baseline 0.009 -106"><span class='ocrx_word' id='word_1_217' title='bbox 223 3113 297 3286; x_wconf 61' lang='lat' dir='ltr'>setlfi</span> <span class='ocrx_word' id='word_1_218' title='bbox 308 3113 349 3284; x_wconf 54' lang='lat' dir='ltr'>at}</span> <span class='ocrx_word' id='word_1_219' title='bbox 376 3114 457 3184; x_wconf 83' lang='lat' dir='ltr'>icles</span> <span class='ocrx_word' id='word_1_220' title='bbox 485 3119 649 3200; x_wconf 88' lang='lat' dir='ltr'>probanda</span> <span class='ocrx_word' id='word_1_221' title='bbox 677 3126 710 3188; x_wconf 88' lang='lat' dir='ltr'>ct</span> <span class='ocrx_word' id='word_1_222' title='bbox 738 3121 889 3190; x_wconf 86' lang='lat' dir='ltr'>ementita</span> <span class='ocrx_word' id='word_1_223' title='bbox 918 3122 970 3190; x_wconf 81' lang='lat' dir='ltr'>vix</span> <span class='ocrx_word' id='word_1_224' title='bbox 994 3127 1120 3190; x_wconf 90' lang='lat' dir='ltr'>centum</span> <span class='ocrx_word' id='word_1_225' title='bbox 1142 3120 1291 3190; x_wconf 84' lang='lat' dir='ltr'>effudisse</span> 
     </span>
     <span class='ocr_line' id='line_1_29' title="bbox 223 3237 325 3286; baseline 0.01 -1"><span class='ocrx_word' id='word_1_226' title='bbox 223 3237 259 3286; x_wconf 89' lang='lat' dir='ltr'>su</span> <span class='ocrx_word' id='word_1_227' title='bbox 297 3237 325 3286; x_wconf 87' lang='lat' dir='ltr'>cr</span> 
     </span>
    </p>
   </div>
   <div class='ocr_carea' id='block_1_4' title="bbox 733 3573 776 3645">
    <p class='ocr_par' dir='ltr' id='par_1_4' title="bbox 733 3573 776 3645">
     <span class='ocr_line' id='line_1_30' title="bbox 733 3573 776 3645; baseline -0.023 0"><span class='ocrx_word' id='word_1_228' title='bbox 733 3573 776 3645; x_wconf 90' lang='grc' dir='ltr'>Π.</span> 
     </span>
    </p>
   </div>
   <div class='ocr_carea' id='block_1_5' title="bbox 224 3843 1292 4246">
    <p class='ocr_par' dir='ltr' id='par_1_5' title="bbox 224 3843 1292 4246">
     <span class='ocr_line' id='line_1_31' title="bbox 328 3843 1292 3932; baseline 0.002 -20"><span class='ocrx_word' id='word_1_229' title='bbox 328 3843 449 3926; x_wconf 78' lang='lat' dir='ltr'>Quibus</span> <span class='ocrx_word' id='word_1_230' title='bbox 479 3847 648 3932; x_wconf 83' lang='lat' dir='ltr'>disputetis</span> <span class='ocrx_word' id='word_1_231' title='bbox 673 3847 740 3930; x_wconf 80' lang='lat' dir='ltr'>jam</span> <span class='ocrx_word' id='word_1_232' title='bbox 770 3848 811 3915; x_wconf 89' lang='lat' dir='ltr'>ad</span> <span class='ocrx_word' id='word_1_233' title='bbox 834 3847 1055 3930; x_wconf 85' lang='lat' dir='ltr'>disceptandoa</span> <span class='ocrx_word' id='word_1_234' title='bbox 1077 3847 1198 3931; x_wconf 84' lang='lat' dir='ltr'>aliquot</span> <span class='ocrx_word' id='word_1_235' title='bbox 1218 3867 1292 3929; x_wconf 79' lang='lat' dir='ltr'>pro</span> 
     </span>
     <span class='ocr_line' id='line_1_32' title="bbox 224 3948 1291 4033; baseline 0.002 -19"><span class='ocrx_word' id='word_1_236' title='bbox 224 3949 405 4032; x_wconf 87' lang='lat' dir='ltr'>grediamur</span> <span class='ocrx_word' id='word_1_237' title='bbox 426 3949 511 4018; x_wconf 84' lang='lat' dir='ltr'>locos</span> <span class='ocrx_word' id='word_1_238' title='bbox 534 3969 667 4033; x_wconf 80' lang='lat' dir='ltr'>quonum</span> <span class='ocrx_word' id='word_1_239' title='bbox 688 3952 722 4016; x_wconf 89' lang='lat' dir='ltr'>in</span> <span class='ocrx_word' id='word_1_240' title='bbox 744 3951 901 4032; x_wconf 86' lang='lat' dir='ltr'>scriptura</span> <span class='ocrx_word' id='word_1_241' title='bbox 924 3949 1048 4032; x_wconf 83' lang='lat' dir='ltr'>qualem</span> <span class='ocrx_word' id='word_1_242' title='bbox 1070 3951 1197 4032; x_wconf 93' lang='lat' dir='ltr'>quidem</span> <span class='ocrx_word' id='word_1_243' title='bbox 1219 3948 1291 4030; x_wconf 81' lang='lat' dir='ltr'>plus</span> 
     </span>
     <span class='ocr_line' id='line_1_33' title="bbox 225 4051 1292 4140; baseline 0.001 -22"><span class='ocrx_word' id='word_1_244' title='bbox 225 4054 368 4120; x_wconf 88' lang='lat' dir='ltr'>minusve</span> <span class='ocrx_word' id='word_1_245' title='bbox 399 4054 601 4138; x_wconf 82' lang='lat' dir='ltr'>depravatam</span> <span class='ocrx_word' id='word_1_246' title='bbox 630 4054 838 4140; x_wconf 90' lang='lat' dir='ltr'>prodiderunt</span> <span class='ocrx_word' id='word_1_247' title='bbox 868 4053 991 4121; x_wconf 87' lang='lat' dir='ltr'>codices</span> <span class='ocrx_word' id='word_1_248' title='bbox 1013 4071 1088 4120; x_wconf 85' lang='lat' dir='ltr'>mas.</span> <span class='ocrx_word' id='word_1_249' title='bbox 1112 4069 1183 4118; x_wconf 91' lang='lat' dir='ltr'>cum</span> <span class='ocrx_word' id='word_1_250' title='bbox 1205 4051 1292 4119; x_wconf 94' lang='lat' dir='ltr'>nullo</span> 
     </span>
     <span class='ocr_line' id='line_1_34' title="bbox 225 4155 1292 4246; baseline 0 -22"><span class='ocrx_word' id='word_1_251' title='bbox 225 4162 318 4242; x_wconf 85' lang='lat' dir='ltr'>pacto</span> <span class='ocrx_word' id='word_1_252' title='bbox 355 4157 397 4226; x_wconf 88' lang='lat' dir='ltr'>sit</span> <span class='ocrx_word' id='word_1_253' title='bbox 430 4160 708 4246; x_wconf 77' lang='lat' dir='ltr'>acquiescendum,</span> <span class='ocrx_word' id='word_1_254' title='bbox 744 4160 811 4228; x_wconf 87' lang='lat' dir='ltr'>sive</span> <span class='ocrx_word' id='word_1_255' title='bbox 847 4157 1034 4226; x_wconf 87' lang='lat' dir='ltr'>correcturis</span> <span class='ocrx_word' id='word_1_256' title='bbox 1071 4174 1149 4239; x_wconf 85' lang='lat' dir='ltr'>quas</span> <span class='ocrx_word' id='word_1_257' title='bbox 1185 4155 1292 4240; x_wconf 85' lang='lat' dir='ltr'>aliqua</span> 
     </span>
    </p>
   </div>
   <div class='ocr_carea' id='block_1_6' title="bbox 0 0 1444 4698">
    <p class='ocr_par' dir='ltr' id='par_1_6' title="bbox 0 0 1444 4698">
     <span class='ocr_line' id='line_1_35' title="bbox 0 0 1444 4698; baseline 0 0"><span class='ocrx_word' id='word_1_258' title='bbox 0 0 1444 4698; x_wconf 95' lang='lat' dir='ltr'> </span> 
     </span>
    </p>
   </div>
   <div class='ocr_carea' id='block_1_7' title="bbox 1423 1883 1432 3704">
    <p class='ocr_par' dir='ltr' id='par_1_7' title="bbox 1423 1883 1432 3704">
     <span class='ocr_line' id='line_1_36' title="bbox 1423 1883 1432 3704; baseline 0 0"><span class='ocrx_word' id='word_1_259' title='bbox 1423 1883 1432 3704; x_wconf 95' lang='lat' dir='ltr'> </span> 
     </span>
    </p>
   </div>
  </div>
 </body>
</html>
