2856 4698
543 249 760 316 ..13-

117 453 244 518 sempor
265 433 418 501 librorum
439 453 499 518 ope
521 433 590 502 deri
613 440 749 516 onustat,
778 435 861 516 sive,
892 453 964 502 oum
993 453 1124 518 prorsus
1146 453 1186 502 ea

117 558 228 624 sumus
250 537 402 617 destituti,
423 538 523 606 libere
543 544 759 606 verumtamen
775 544 866 606 caute
887 538 979 606 laetis
996 538 1186 606 coniecturis

117 641 339 710 subveniamus
362 643 408 708 eis
423 646 557 724 oportet.
602 643 659 708 sed
671 643 856 724 priusquam
870 641 951 708 hano
963 640 1184 724 disputationis

118 765 206 814 meae
228 751 352 828 partem
374 764 562 830 persequar,
593 745 727 812 duorum
756 765 905 812 versuum
935 763 1101 811 censuram
1130 744 1185 810 ab·

117 849 240 918 solvere
267 848 373 932 planet
401 849 515 932 quibus
544 850 577 914 in
607 849 739 916 edendis
770 868 833 913 uon
863 848 977 914 adduci
997 867 1127 930 possum
1149 853 1186 914 ut

117 955 251 1020 aliorum
281 952 447 1020 sententiis
477 954 645 1021 obsecutus
673 973 695 1018 a
715 952 867 1022 librorum
888 953 1077 1018 auctoritate
1098 969 1186 1017 reee-

117 1057 206 1122 dam:
229 1057 262 1122 hi
284 1061 389 1124 autern
411 1061 487 1124 sunt
508 1075 618 1124 versus
643 1061 704 1122 784
720 1061 753 1122 at
774 1059 993 1121 1427-1429.
1037 1055 1070 1120 in
1086 1054 1186 1136 priori

115 1159 185 1226 loeo
208 1158 343 1226 delendo
365 1160 451 1241 quod
472 1159 545 1226 libri
566 1159 715 1226 exhibant
735 1159 777 1247 τῷ
801 1161 944 1247 δ’έιονοίρ
966 1150 1046 1228 aare
1069 1158 1073 1245 Ι
1098 1161 1186 1236 itala

116 1259 232 1352 προσηοι
254 1263 355 1352 χειρὸς
382 1262 416 1332 οὑ
445 1272 632 1352 πληρουμένη
660 1263 743 1345 quod
772 1263 856 1330 facili
884 1264 1009 1346 negotio
1039 1262 1123 1329 huuc
1154 1262 1186 1328 iu

116 1387 244 1436 sensum
257 1366 465 1449 intellegitur:
488 1369 529 1434 ad
543 1367 677 1434 alteram
699 1366 1049 1434 vero-absolventium
1065 1371 1187 1449 puta—

116 1491 245 1550 uruam,
267 1475 303 1538 ut
326 1489 408 1552 quae
429 1470 547 1537 nullius
570 1469 726 1538 ealoulum
747 1470 917 1537 iniiaieutis
940 1470 991 1536 dei
1012 1489 1108 1536 mauu
1129 1471 1187 1534 irn-

114 1574 265 1657 pleretur‚
287 1593 375 1642 mera
397 1575 530 1642 accessit
543 1574 632 1656 Spes.
657 1573 788 1640 subiioio
811 1571 898 1640 looos
920 1573 1041 1655 aliquot
1063 1593 1101 1639 ex
1115 1574 1186 1656 ipso

116 1678 268 1758 scriptore
280 1683 388 1744 nostro
400 1677 513 1746 allatos
525 1677 616 1742 Eum.
631 1681 693 1742 557
715 1674 850 1758 σάλπιγξ
868 1681 998 1765 βροτείου
1020 1677 1188 1757 πνεύματος

115 1787 311 1869 πληρουμένη,
328 1781 413 1862 Sept.
425 1785 488 1846 445
498 1775 881 1869 Orati-mammaeam
890 1775 1053 1862 arrepturae
1062 1777 1188 1867 πληρού-

115 1911 214 1966 μενον,
243 1881 302 1965 fig.
327 1885 440 1962 305‚6
471 1889 624 1965 Αΐηνπποσ
645 1874 734 1964 domo&
756 1878 883 1965 νάματος
905 1889 1103 1969 πληρουμένη,
1133 1881 1189 1962 qui

117 1988 183 2054 sint
211 1987 399 2054 documenta
427 2005 530 2070 neque
559 1987 620 2052 hoo
653 1993 762 2053 nostro
793 1985 862 2054 looo
892 1987 1060 2068 quiequam
1091 2003 1186 2066 posse

115 2092 241 2160 admitti
271 2110 333 2174 quo
363 2091 493 2158 verbum
523 2091 709 2180 πληροῦσθαι
732 2111 806 2158 oasu
829 2111 890 2158 suo
912 2090 1012 2178 χειρὸς
1035 2089 1187 2170 nudatam

116 2196 144 2262 is
173 2195 258 2262 enirn
288 2195 409 2260 notioni
439 2195 509 2276 eJus
532 2213 651 2262 vacuae
673 2213 731 2277 per
753 2215 788 2262 se
812 2199 845 2260 et
865 2195 951 2260 inani
972 2193 1186 2260 necessarium

117 2299 207 2365 addit
236 2298 497 2380 supplementum.
520 2337 564 2350 -
586 2300 623 2364 ln
654 2299 784 2365 edendis
806 2298 949 2364 versibus
975 2298 1187 2363 1427-1429

116 2403 319 2470 Hormaunus
341 2402 532 2484 ellingerus
554 2402 720 2470 lectionem
742 2401 902 2486 vulgatam
923 2418 1024 2483 aequo
1046 2400 1118 2484 plus
1140 2419 1189 2468 re-

115 2504 334 2586 pudiaverunt.
379 2522 514 2586 namque
530 2522 588 2585 pro
610 2504 673 2592 ἥτις
695 2501 738 2591 ἦν,
760 2503 845 2586 quod
867 2521 907 2568 ex
928 2502 1188 2584 interpretatione

116 2608 260 2674 additum
281 2612 378 2689 patet,
401 2607 570 2674 dummodo
593 2609 657 2675 tale
679 2607 764 2691 quod
778 2607 910 2675 verbum
926 2607 1076 2672 restituas
1095 2607 1188 2688 quale

116 2710 316 2796 glossematis
346 2710 431 2778 illius
462 2712 603 2796 indigere
632 2713 794 2780 videretur
821 2711 1003 2792 interpreti,
1040 2710 1073 2775 id
1103 2709 1188 2792 quod

116 2815 223 2882 neseio
246 2833 287 2881 an
309 2815 402 2880 eadat
423 2817 456 2880 in
478 2816 680 2900 participium
704 2815 802 2899 σῢοιι,
833 2815 911 2881 satia
941 2813 1025 2880 bona
1047 2817 1097 2880 est
1118 2831 1189 2880 sen·

117 2917 218 2986 tantia
240 2919 410 2986 verborum

318 3023 362 3112 Hy]
385 3017 590 3107 πολύμναστον
612 3027 764 3110 ἐπηνθίσω
786 3023 846 3107 οἶμ’
869 3023 991 3093 ἄνιπτον

317 3127 401 3210 (Prior
422 3127 479 3196 τοτ’
504 3134 538 3197 ἐν
559 3124 686 3210 δόμοισιν

316 3235 374 3322 ἔρις
395 3237 564 3322 ἐρίδματος,
587 3233 687 3322 ἀνδρὸς
708 3231 783 3322 uisae

116 3337 143 3404 si
165 3335 295 3420 quidem
315 3336 393 3404 haee
416 3337 462 3406 ais
484 3337 662 3404 subiicitur:
687 3334 994 3419 »multumprofeoto
1016 3335 1185 3403 recordan-

116 3441 193 3507 dum
212 3439 302 3506 illum
316 3459 419 3524 neque
432 3441 600 3510 eluendum
622 3441 696 3508 inde
717 3439 902 3524 adspersisti
920 3439 978 3506 tibi
993 3440 1188 3523 sanguinem·

117 3544 203 3628 qnod
225 3544 312 3612 domi
332 3549 400 3612 tum
422 3546 467 3629 (in
488 3545 624 3612 Menelai
645 3544 793 3612 videlieet
813 3545 915 3629 reida)
944 3545 1077 3612 exitiosa
1108 3545 1186 3628 rixa,

117 3649 259 3730 coniugis
281 3667 406 3716 maeror
427 3649 471 3734 (h.
486 3670 512 3716 a.
535 3669 588 3718 res
609 3669 634 3718 s.
658 3649 791 3716 matoria
811 3648 899 3714 rixae
912 3652 1007 3729 atque
1022 3648 1188 3732 maeroris)

117 3751 294 3820 exstitisti«
349 3753 398 3819 his
428 3753 525 3836 igitur
555 3754 658 3820 verbis
682 3753 814 3832 chorus,
844 3757 1010 3834 postquam
1033 3757 1066 3817 et
1087 3751 1189 3834 publi·

117 3874 171 3922 aas
194 3860 227 3922 at
248 3856 387 3938 privatos
409 3875 488 3938 quas
504 3857 629 3924 Helena
652 3855 821 3923 meditavit
842 3855 1037 3922 calamitates
1059 3873 1186 3924 enume-

116 3957 199 4026 ravit
220 3961 281 4042 (vv.
306 3959 547 4046 tals-1426),
576 3961 617 4026 ad
639 3960 708 4043 ejus
730 3964 856 4042 raptum
877 3957 928 4025 vel
949 3959 1056 4042 potius
1078 3957 1186 4042 fugam

118 4061 271 4130 resedens
301 4062 363 4130 iarn
395 4064 428 4130 in
450 4065 511 4132 hoo
533 4063 653 4132 sedare
675 4064 792 4147 quippe
813 4063 847 4129 in
869 4063 1010 4130 omnium
1030 4061 1186 4130 mulorum

116 4163 272 4250 principio
300 4181 339 4232 ao
367 4163 455 4234 ioum
483 4165 636 4234 Helenam
673 4162 815 4232 infinitae
851 4163 957 4232 medis
992 4163 1186 4246 insequentis
