2856 4698
649 271 863 336 -10..

325 457 411 525 Cass.
456 461 560 541 μα’νπιι
581 457 610 540 ρι’
632 457 795 526 Ἀ’πόλλων
816 455 880 544 τῷδ’
905 461 1066 543 ἐπέστησεν
1087 465 1178 528 πέλει.

327 563 418 629 Ohor.
459 560 615 648 υἱβρίιυεπαι
638 560 695 648 peip
717 559 776 636 πιῖς
798 588 843 635 τις
864 557 897 626 εὖ
920 559 1057 647 πράσσων
1079 569 1180 630 πλέον.

243 691 248 699 ⁴
327 665 413 734 Cass.
458 665 513 753 πρὸ
536 664 586 734 rob
607 666 664 748 μὲν
685 665 773 740 αἰδὼς
795 660 829 752 ἦν
850 666 917 748 ἐμοὶ
939 672 1035 746 λέγειν
1048 666 1140 734 τάδε.

327 770 419 836 Cher.
458 767 523 854 μέν
545 771 596 836 καὶ
617 768 689 846 θέοι
711 796 766 856 περ
789 777 877 858 ιμέρρι
900 778 1124 856 uerberatum
1287 858 1290 861 ἡ

328 871 413 943 Oasb.
459 876 524 944 ἀλλ’
549 871 582 963 ἦν
604 873 772 962 παλαιστὴς
795 874 873 962 κάρτ’
899 875 967 957 ἐμοὶ
988 880 1083 942 πνέων
1105 874 1205 962 χάριν.

223 980 263 1046 ad
287 979 374 1046 chori
396 979 492 1060 igitur
515 979 610 1048 verbe
632 995 712 1059 quae
734 965 944 1059 praecedunt:
967 973 1117 1064 θαυμάξω
1140 982 1172 1046 δέ
1193 1003 1254 1054 σου,

377 1080 484 1149 πὸνπυυ
505 1089 597 1168 πέραν
619 1086 780 1168 τραφεῖσαν
802 1079 941 1168 ἁλλόθρρυ
962 1081 987 1147 ’ν
1008 1078 1094 1151 πόλει
1251 1069 1255 1074 ’

378 1191 471 1273 κυρεῖν
494 1193 646 1266 λέγουσαν,
669 1183 768 1271 ὥσπερ
790 1190 820 1252 εἰ
838 1184 1038 1272 παρεσπᾴπεις.
1188 1179 1193 1186 ’

224 1288 404 1356 Cassandra
434 1289 611 1370 respondit:
646 1301 709 1356 non
743 1293 791 1354 est
820 1287 905 1368 quod
933 1288 1075 1366 mireris,
1108 1287 1176 1368 ipse
1211 1287 1294 1354 enim

226 1393 303 1460 deus
325 1392 438 1476 Apollo
460 1393 532 1458 huic
555 1410 605 1459 me
627 1389 781 1473 praefecit
794 1382 1026 1457 vaticinationis
1049 1390 1179 1456 muneri.
1199 1421 1202 1430 ,
1225 1396 1294 1456 tum

226 1496 354 1564 chorus:
378 1495 512 1578 superbe
535 1494 656 1562 seilicet
669 1493 763 1576 atque
778 1495 957 1574 insolenter,
980 1512 1170 1576 quamquem
1185 1513 1294 1575 super-

225 1600 293 1665 bire
315 1617 377 1665 non
400 1598 561 1664 hominum
584 1602 633 1662 est
654 1598 715 1663 nisi
741 1597 773 1662 in
796 1598 891 1664 rebus
914 1597 1060 1664 secundis
1082 1596 1294 1675 versantium

226 1707 262 1771 ιιι
290 1707 396 1769 autem
424 1702 518 1768 rebus
548 1701 617 1766 istis
647 1700 787 1766 adversis
816 1701 961 1778 incitate,
995 1705 1031 1765 ut
1056 1699 1197 1778 videtur,
1229 1704 1296 1764 tam

227 1806 375 1874 insolenti
406 1804 565 1870 indulsisti
595 1805 804 1872 ostmtauoni.
860 1804 901 1870 ed
929 1805 1007 1869 haee
1038 1804 1229 1870 Cassandra:
1262 1802 1297 1866 id

228 1927 268 1974 ne
298 1909 385 1990 prius
414 1908 472 1974 tibi
502 1904 684 1990 profiterer,
702 1907 818 2002 ⁴pudor
848 1906 1008 1988 prohibuit
1029 1925 1066 1972 ec
1088 1905 1295 1972 verecundia:

229 2012 400 2082 verendum
424 2012 507 2078 enim
530 2018 673 2094 eratne,
698 2013 835 2093 si-prius
858 2011 1057 2080 ostenderem
1080 2029 1174 2092 quam
1196 2009 1296 2076 nrani-

228 2114 318 2183 iestis
352 2115 548 2181 documentis
579 2112 657 2180 fides
690 2115 888 2180 divinationis
920 2132 1009 2180 meae
1040 2114 1097 2181 tibi
1129 2118 1229 2191 esset,
1261 2118 1297 2178 ut

226 2237 311 2284 nuno
334 2223 392 2299 est,
416 2216 628 2298 comprobate,
649 2235 763 2300 pamm
780 2216 857 2281 illud
873 2216 931 2280 tibi
944 2216 1176 2298 persuaderem,
1200 2217 1296 2280 immo

226 2321 270 2386 nil
303 2321 366 2386 nisi
397 2319 560 2386 deridendi
595 2321 656 2390 mei
688 2319 795 2387 dorem
829 2317 1019 2386 fermitatem.
1074 2323 1142 2383 tum
1178 2317 1293 2390 chorus

226 2424 319 2490 aliam
341 2428 467 2508 praeter
496 2441 566 2490 eam
593 2442 686 2506 quam
708 2425 797 2506 virgo
821 2424 981 2490 excusavit
1004 2441 1131 2489 oausam
1156 2427 1239 2489 atior
1250 2421 1297 2485 illi

226 2527 355 2597 subesse
379 2529 543 2609 suspicans
566 2544 629 2593 nou
652 2527 719 2592 sine
742 2514 877 2608 quadam
895 2525 1090 2594 cavillatione
1105 2526 1296 2607 interrogat:

225 2629 289 2713 μιῧν
312 2631 363 2697 καὶ
384 2629 456 2705 θεὸς
477 2655 533 2716 περ
556 2636 644 2714 ἱμέρῳ
667 2636 891 2714 reserpentem
924 2629 965 2692 ad
987 2627 1071 2709 quod
1095 2646 1112 2690 e
1134 2627 1292 2708 prioribus

225 2733 436 2820 remeandum
474 2737 523 2800 est
557 2732 621 2820 epid
661 2738 821 2819 ἐπέστησεν
857 2739 937 2800 τέλει
974 2732 1070 2814 idque
1098 2750 1160 2796 non
1191 2731 1296 2812 minus

228 2838 389 2905 commode
412 2853 507 2917 quam
527 2836 561 2898 in
584 2853 622 2900 ea
643 2832 680 2899 fit
702 2851 787 2918 quae
804 2834 1126 2917 Hermanno'placuit
1147 2853 1297 2900 versuum

229 2939 442 3021 dispositione.
492 2955 577 3001 nuno
599 2936 727 3002 demum
750 2938 924 3019 suspitione
947 2936 1124 3019 illoneque
1147 2955 1185 3003 ee
1207 2956 1297 3020 pror·
1418 2907 1419 2970 ἶ

228 3060 281 3107 sus
310 3041 395 3106 inani
423 3039 539 3105 iniecta
568 3038 746 3108 Cassandra
777 3040 923 3105 distincte
954 3058 1021 3105 rem
1043 3041 1166 3121 aperire
1190 3039 1294 3106 audet.
1316 3113 1334 3142 ο
1418 3029 1419 3034 ’

228 3145 312 3227 quod
341 3147 447 3211 autem
474 3160 572 3226 supro
601 3142 783 3226 scripsimus
813 3142 953 3232 ἀλλόθρρ
974 3145 999 3212 ὐ
1021 3143 1108 3212 πόλει
1137 3162 1195 3227 pro
1223 3142 1295 3207 lv.

228 3247 393 3335 ἀλλόθρουν
424 3245 527 3324 πόλιν,
557 3245 675 3330 Eugeri
707 3245 939 3328 elegantissima
968 3252 1017 3314 est
1048 3246 1225 3312 emendatio
1257 3245 1296 3310 de

228 3369 291 3434 que
311 3349 454 3434 pluribus
478 3350 627 3418 disseruit
649 3350 866 3418 iuMuetzellii
889 3350 1003 3418 annall.
1025 3371 1054 3417 a.
1073 3354 1154 3418 1856
1168 3349 1243 3416 lese.
1257 3349 1297 3414 X.
1335 3438 1338 3446 ,
1418 3347 1419 3356 ’

227 3473 257 3536 p.
282 3458 353 3518 726.

331 3555 368 3620 ln
399 3556 498 3622 altero
530 3573 623 3638 quem
646 3575 743 3640 supra
764 3557 969 3626 indicavimus
992 3556 1068 3644 loco,
1083 3557 1198 3639 quique
1219 3555 1298 3636 legi-
1418 3613 1419 3620 ,

227 3665 279 3726 tur
301 3659 373 3726 inde
395 3679 415 3726 a
437 3677 530 3728 versu
547 3663 607 3724 862
632 3678 731 3742 usque
754 3661 795 3726 ad
817 3680 844 3726 v.
865 3664 928 3726 870
951 3661 1071 3742 primus
1095 3658 1179 3740 quod
1201 3659 1298 3724 sciam

230 3762 267 3828 G.
290 3762 492 3829 Hermannus
523 3762 602 3828 vidit
633 3762 794 3844 ungerem
825 3765 920 3830 trium
950 3781 1097 3830 versuum
1125 3764 1297 3826 866-868

229 3866 370 3932 ordinem
400 3885 464 3932 uon
494 3871 584 3932 reete
611 3884 646 3932 se
676 3867 803 3934 habere.
858 3868 912 3948 qui
939 3885 1014 3934 vero
1044 3884 1106 3948 quo
1134 3865 1226 3930 modo
1256 3865 1299 3928 sit

228 3969 442 4036 restituendus
472 3968 547 4036 lieet
578 3970 695 4052 ambigi
728 3971 844 4054 possit,
878 3969 977 4036 sotius
1011 3969 1157 4050 equidem
1191 3973 1298 4034 tamen

230 4073 303 4140 duni
332 4071 517 4155 adstipdari
545 4074 612 4140 viro
640 4072 690 4142 illi
716 4073 843 4154 egregio
873 4072 934 4140 nisi
964 4072 1047 4154 quod
1076 4089 1139 4138 non
1170 4069 1298 4154 palaris

228 4175 304 4264 ber-ap
327 4216 367 4228 -
390 4178 472 4244 male
502 4177 586 4243 enim
614 4174 692 4267 ἦμαρ
722 4175 763 4240 ad
793 4175 920 4261 γαληνόν
949 4174 1105 4257 quadrare
1137 4191 1208 4239 cum
1239 4191 1297 4254 per
