2856 4698
549 233 841 311 -11-'

118 453 153 501 sa
174 433 366 516 intellegitur
386 439 456 500 tum
484 429 754 500 luculentissimus
777 447 871 512 quem
894 452 933 498 cx
958 433 1096 499 Luciano
1118 433 1193 502 affe-

118 557 186 604 ram
216 540 307 604 testis
338 543 386 604 est
415 538 524 602 locus:
557 537 618 620 οὐχ
648 533 773 625 δρᾷςας
802 541 906 624 stupa
928 539 986 619 μὲν
1007 538 1044 606 τὰ
1067 539 1194 617 ἄνωθεν,

117 641 268 725 autperto
296 645 326 710 δὲ
356 644 407 709 καὶ
437 643 577 730 pallara
606 640 689 709 ἅπαν
709 643 743 711 τὸ
767 650 901 724 πέλαγος
922 640 1019 722 ὅμοιον
1041 641 1080 718 ὦς
1102 648 1194 712 εἰπεῖν

19 773 23 782 ’
119 747 273 834 κατὸπτρῳ
294 746 395 830 (Halo.
418 747 445 830 ᾖ.
470 747 504 824 2)
527 781 569 794 -
593 745 650 811 Sed
678 745 803 830 γαληνὸν
832 746 919 829 οἶδμα
942 745 964 812 δ’
988 746 1094 826 potius
1117 747 1194 812 Stri-

118 852 255 918 bcndum
278 868 390 916 censeo
413 851 447 915 in
471 867 535 930 quo
557 849 609 914 vix
632 850 693 914 erit
705 850 790 932 quod
804 849 902 914 verba
918 849 963 914 sic
979 839 1192 916 construenda

118 971 279 1033 moneam,
308 958 345 1017 ut
371 951 500 1039 γαληνὸν
531 951 625 1018 modo
654 953 869 1033 praedicativo
901 952 985 1033 quod
1014 951 1128 1017 diuitum
1151 955 1192 1018 ud

118 1061 229 1124 εἰσιδεῖν
251 1055 452 1122 referendum
475 1073 561 1121 esse:
593 1055 679 1138 οἶδμα
708 1055 793 1136 quod
820 1060 1010 1136 tempestate
1031 1053 1121 1120 finito
1142 1059 1193 1141 (ἐκ

119 1162 279 1244 χείματος)
302 1161 430 1247 γαληνὸν
452 1163 566 1226 εἰσιδεῖν
588 1165 676 1228 ἐστίν.
718 1160 750 1223 id
780 1161 807 1224 si
835 1163 923 1224 recte
953 1159 1126 1224 divinatum
1149 1161 1195 1223 vi·

119 1263 220 1342 detur,
243 1263 287 1328 nil
310 1263 468 1345 estquod
490 1264 530 1329 de
551 1264 681 1345 propria
704 1267 736 1328 et
756 1261 873 1344 ubique
895 1260 962 1328 fere
976 1261 1094 1327 usitato
1107 1262 1190 1328 illius

119 1367 265 1432 vocabuli
286 1366 415 1432 notione
439 1383 503 1446 qua
527 1370 653 1432 »aestus
675 1365 852 1430 maritimos
868 1366 941 1431 ¹siue
958 1381 1045 1431 mare
1062 1363 1192 1431 tumichs

119 1468 267 1534 fluctibus
289 1474 459 1535 aestuans«
484 1465 640 1551 significat
661 1507 704 1518 -
726 1467 813 1546 velut
835 1469 959 1534 omissis
982 1467 1060 1533 locis
1074 1465 1192 1532 Home

120 1573 194 1638 ricis
223 1572 256 1636 in
290 1571 408 1637 Simon.
452 1569 510 1653 frg.
535 1574 593 1652 86,
625 1576 660 1650 3;
691 1573 725 1636 in
758 1571 852 1653 Sopb.
884 1572 988 1652 Antig.
1020 1573 1191 1635 ouo-337

120 1679 154 1739 et
176 1679 346 1740 588--592
371 1677 419 1742 ed.
443 1674 557 1757 Brgk.;
589 1675 666 1739 item
694 1675 727 1739 in
749 1673 838 1738 Plnrl
863 1673 921 1755 frg.
945 1677 1023 1738 206:
1053 1681 1194 1761 τέρπεται

119 1779 151 1844 δὲ·
174 1782 229 1844 καί
246 1806 290 1852 τα·
312 1779 359 1846 ἐπ’
384 1777 458 1860 οἶδμ’
483 1776 566 1846 δι’λαν
588 1777 642 1844 ναδ
658 1777 719 1862 topi
741 1776 798 1852 oo‘a'c
820 1782 1000 1861 διαστείβαν.
1032 1815 1072 1824 -
1097 1777 1192 1842 immo

118 1879 160 1944 ad
188 1899 256 1944 rem
285 1899 378 1960 quam
408 1885 531 1962 spectat
562 1882 755 1961 comparatio
787 1879 905 1960 optime
934 1879 1020 1944 cadit
1048 1897 1130 1960 quae
1160 1879 1193 1942 in

118 1983 286 2050 verborum
316 1985 444 2071 γαληνὸν
471 1981 559 2066 οἶδμα
593 1984 678 2048 inest
719 1984 896 2048 sententiae
938 1982 1127 2064 ambiguitas
1160 1989 1193 2050 et

119 2104 213 2169 quam
242 2087 378 2152 maxime
407 2105 446 2151 ex
469 2083 617 2168 Aeschyli
648 2103 736 2151 more
765 2089 815 2152 est
843 2085 1002 2151 contraria
1030 2084 1063 2149 id
1091 2103 1192 2166 genus

118 2190 202 2254 inter
224 2209 259 2254 se
282 2195 470 2256 connectere
492 2189 522 2254 h.
545 2209 571 2255 e.
593 2184 727 2277 ὀξύμαρα
749 2191 878 2269 captare
893 2189 1043 2270 cuiusque
1057 2191 1191 2271 generis.

121 2291 234 2372 quibus
265 2291 363 2372 igitur
398 2292 556 2357 concessis
583 2292 650 2372 jam
686 2291 765 2356 haec
793 2290 899 2371 prodit
927 2289 989 2356 locl
1020 2292 1191 2374 sciptura:

121 2398 233 2478 λέγοιμ’
258 2395 296 2462 ἄν
318 2395 408 2483 ἄνδρα
430 2397 513 2464 rivis
536 2433 576 2444 -
600 2395 717 2483 ὖψηλῆς
738 2403 843 2479 στέγης
867 2395 872 2481 l

319 2499 425 2568 στὸλαν
447 2498 568 2587 ποδήρη,
590 2501 743 2582 μονογενὲς
764 2505 865 2568 τέκνον
886 2503 993 2588 πατρί,

321 2603 459 2692 &alroppa
481 2603 604 2689 διψῶντι
627 2609 751 2690 πηγαῖον
774 2609 845 2692 ῥέος·

318 2709 446 2792 γαληνὸν
469 2707 556 2789 οἶδμα
578 2709 600 2772 δ’
625 2711 734 2783 είςιδεῗν
757 2712 792 2773 ἑα
815 2710 961 2789 χείματος

323 2814 374 2878 acl
394 2811 448 2898 γῆν
470 2815 612 2892 Φανεῗσαν
634 2812 778 2884 ναυτίλοις
799 2811 867 2897 παρ’
891 2813 1009 2877 ἐλπίδα.
1172 2891 1177 2904 ·

122 2915 195 2980 inde
237 2933 313 2980 vcro
348 2933 443 2981 versu
481 2915 692 2996 subsequente
725 2918 787 2978 879
824 2913 1049 2994 praetermisso
1087 2916 1193 2980 statim

122 3019 163 3084 ad
194 3019 291 3084 verba
319 3025 437 3095 ναοῖςδέ
472 3023 521 3086 τοί
545 3047 588 3085 νιν
619 3019 693 3095 olfac?
723 3020 975 3105 προςφθέγμασιν
1011 3019 1043 3082 in
1079 3019 1193 3099 quibus

123 3127 246 3204 septem
280 3122 404 3188 illarum
440 3122 679 3188 similitudinum
715 3122 813 3187 series
850 3121 1126 3204 comprehenditur
1161 3127 1195 3188 et

124 3224 320 3291 concluditur
350 3226 575 3293 transeundum
605 3245 675 3292 esse
704 3229 737 3290 et
764 3223 979 3290 Blomfieldius
1009 3226 1073 3291 iam
1095 3225 1195 3292 sensit

124 3330 177 3412 qui
199 3347 326 3396 versum
347 3330 436 3396 illurn
459 3330 629 3396 insiticium
661 3329 811 3395 iudicavit
833 3333 866 3395 et
887 3328 1032 3411 Engerus
1056 3329 1194 3396 declara·

123 3433 170 3497 vit
192 3451 230 3498 eo
252 3432 337 3513 quod
356 3440 430 3515 post
453 3433 548 3498 verba
570 3431 731 3520 ἀπενθήτῳ
754 3437 855 3520 φρενί,
886 3450 961 3515 ergo
983 3438 1058 3515 post
1079 3453 1107 3498 v.
1130 3437 1191 3498 862

125 3553 197 3600 aum
220 3535 360 3600 inseruit.
414 3541 447 3600 at
475 3541 601 3615 poetam
631 3535 797 3604 verborum
820 3535 1040 3616 parcissimum
1064 3535 1103 3601 da
1124 3541 1194 3600 tan·

125 3645 179 3704 tae
209 3645 336 3720 umque
365 3643 493 3719 apertae
521 3637 712 3720 tautologiae
735 3636 911 3704 insulsitate
934 3645 1116 3721 suspectum
1138 3639 1194 3710 hu-

125 3743 210 3821 bere,
232 3739 352 3809 attale
374 3741 450 3824 quid
472 3741 669 3823 scripseritl:

322 3843 383 3920 νῦν,
404 3844 500 3912 rubra
522 3843 622 3912 πάντα
644 3845 739 3922 τλᾶὀ,
762 3846 921 3934 ἀπενθήτῳ
944 3847 1032 3931 Optat
1049 3879 1093 3896 *-

323 3951 447 4036 τερπνὸν
468 3949 499 4016 δὲ
521 3951 698 4030 τάναγκαῖον
720 3955 862 4032 εἀφνγεΐν
883 3947 966 4018 ἅπαν
987 3987 1032 4002 -·

325 4051 438 4135 λέγοιμ’
459 4051 496 4120 ἂν
516 4063 582 4121 κτλ.

125 4159 159 4224 in
181 4174 243 4240 quo
265 4157 363 4224 verbo
383 4156 602 4247 τερτιδν-δταν
624 4157 822 4240 parenthesis
843 4157 912 4225 loeo
927 4157 1011 4224 iuter
1033 4150 1194 4244 δτενδὴτα
