2856 4698
220 1092 391 1222 Permulta
412 1161 484 1222 sunt
505 1173 585 1239 quae
602 1153 747 1224 VV.DD.
765 1161 797 1222 et
820 1156 872 1239 qui
885 1155 1032 1240 Aeschyli
1055 1155 1181 1241 scriptis

118 1265 311 1327 navavenmt
339 1265 372 1326 et
400 1261 453 1342 qui
475 1267 590 1326 navant
619 1279 747 1346 operam
776 1259 990 1327 addubitanda
1018 1257 1121 1326 adhuc
1150 1263 1183 1326 et

118 1362 309 1447 proficienda
340 1363 373 1429 in
410 1364 454 1431 eis
486 1365 696 1448 reliquerunt:
741 1371 897 1448 perpauca
934 1379 1015 1448 quae
1046 1363 1115 1446 ipse
1144 1383 1182 1430 eo

118 1469 243 1535 nomine
266 1473 492 1537 commentatus
515 1469 717 1553 suppeditare
744 1474 838 1552 atque
868 1467 1024 1536 subtiliori
1049 1467 1182 1534 aliorum

114 1572 233 1655 jndicio
255 1572 454 1640 diiudicanda
482 1594 520 1641 ea
548 1592 604 1656 spe
634 1573 746 1642 dumus
768 1591 898 1656 possum
919 1589 1096 1657 proponere
1117 1589 1182 1637 non

116 1674 185 1743 fore
218 1683 253 1742 ut
285 1694 416 1760 prorsus
450 1675 512 1744 illis
545 1677 737 1761 displiceant.
789 1678 846 1743 scd
879 1675 1021 1760 quamvis
1049 1673 1182 1742 habeam

117 1799 316 1865 persuasum,
347 1779 521 1864 quicunque
547 1782 589 1847 ad
616 1781 778 1866 Aeschyli,
808 1782 836 1847 si
864 1779 957 1846 ullius
989 1783 1063 1846 sunt
1084 1777 1181 1862 scrip-

117 1886 208 1964 toris,
238 1884 389 1968 impedita
417 1904 493 1952 sane
521 1904 558 1951 ac
586 1885 778 1953 multimodis
812 1885 984 1967 depravata
1014 1901 1111 1966 opera
1131 1881 1182 1948 vel

117 1989 312 2056 emendanda
333 1990 383 2056 vel
404 1991 640 2073 interpretanda
653 2009 763 2057 manus
777 1990 951 2068 admoveat
974 1988 1004 2053 ei
1019 1992 1182 2070 tamquam

117 2094 242 2160 aedium
273 2095 446 2160 adenem
473 2093 570 2162 limen
597 2095 732 2162 transire
761 2100 855 2178 atque
885 2095 918 2160 in
940 2089 1115 2176 penetralia
1135 2091 1182 2158 in·

116 2203 201 2265 trare
225 2199 349 2264 conanti
374 2217 467 2266 »cave
489 2219 617 2267 canem«
640 2199 814 2266 illudente
844 2198 951 2266 oculos
979 2196 1181 2278 animumque

120 2303 280 2370 obversari
302 2303 417 2371 debere
440 2345 481 2354 -
504 2310 579 2372 sunt
601 2307 685 2373 enim
708 2323 778 2372 cnm
802 2304 946 2371 omnibus
962 2300 1028 2370 fere
1042 2300 1179 2367 inrebns

119 2413 186 2473 tum
208 2408 240 2473 in
262 2427 300 2474 eo
322 2408 391 2474 loco
421 2410 482 2476 duo
511 2411 709 2494 potissimum
736 2408 947 2492 periculorum
975 2424 1107 2490 genera,
1139 2423 1180 2472 ne

118 2515 173 2575 ant
201 2510 355 2578 hebetiori
380 2511 498 2596 judicio
534 2513 696 2596 praeditus
725 2513 836 2579 vitiose
873 2510 991 2578 tradita
1020 2514 1179 2591 tamquam

118 2631 193 2679 vera
215 2615 395 2698 comprobet
416 2636 453 2684 ac
476 2615 623 2684 defendat
645 2623 700 2683 aut
721 2617 817 2684 nimia
836 2618 885 2684 sui
900 2614 1051 2682 acuminis
1065 2611 1180 2679 fidncia

117 2717 219 2788 elatus
240 2721 273 2786 io
294 2740 441 2788 vesanam
463 2724 604 2790 mutandi
631 2721 829 2805 novandique
858 2721 1030 2803 abripiatur
1053 2716 1179 2784 temeri-

117 2827 215 2888 tatem
237 2847 294 2887 -ε
326 2824 393 2906 ipse
421 2831 526 2892 tamen
549 2831 584 2892 ut
606 2825 681 2909 quid
707 2825 766 2892 hac
786 2825 819 2891 in
841 2846 876 2892 re
898 2823 1034 2891 valerem
1056 2819 1180 2906 pericli·

118 2933 203 2994 turer
230 2947 372 3012 quaeque
401 2934 487 2998 recte
514 2929 590 2996 mihi
623 2929 739 2997 vidisse
766 2929 896 2998 uidebar
923 2928 1016 2995 utin
1041 2925 1178 2992 medium

117 3031 304 3116 proferrem,
336 3034 369 3100 id
396 3039 537 3102 statuens
564 3035 790 3116 commovebar,
822 3054 901 3119 opus
931 3033 1076 3117 quodque
1099 3029 1179 3096 diffi-

118 3136 220 3220 cilius,
252 3142 288 3202 nt
317 3137 348 3202 oi
378 3139 491 3205 mirum
521 3138 576 3206 illa
604 3144 653 3206 est
680 3139 825 3224 Aeschyli
856 3137 963 3205 fabula
984 3137 1177 3221 Agamemno

116 3241 281 3324 inscripta,
311 3240 479 3310 dummodo
500 3261 559 3324 pro
582 3261 640 3312 sna
662 3244 794 3328 quisque
825 3242 982 3328 eogimndi
1003 3240 1177 3325 percipien-

117 3345 211 3428 dique
232 3345 337 3412 indole
366 3345 531 3430 diligenter
561 3351 734 3430 pertractet
762 3353 856 3431 atque
879 3347 998 3414 sincere
1021 3343 1177 3424 uindicet,

116 3448 236 3533 aliquid
264 3468 388 3536 semper
420 3451 522 3518 bonae
550 3449 649 3534 frugis
682 3450 754 3520 inde
785 3453 817 3517 in
847 3452 999 3536 majorem
1027 3449 1095 3532 ejus
1126 3445 1177 3514 vel

117 3553 328 3622 sinceritatem
351 3556 400 3621 vel
422 3555 677 3638 perspicuitatem
698 3555 883 3624 redundare.

220 3658 325 3726 Pauca
354 3665 427 3726 sunt
455 3663 620 3742 praeterea
647 3679 727 3744 quae
754 3661 827 3727 huic
856 3659 1058 3745 disputationi
1086 3679 1177 3744 prae·

117 3763 242 3830 mittere
270 3761 354 3830 libet.
404 3762 572 3830 editionem
603 3764 921 3834 Schneidewinianam
951 3784 1021 3832 cum
1050 3763 1178 3832 omnino

115 3885 174 3950 pro
204 3866 273 3948 ejus
303 3865 505 3936 fundamento
538 3887 608 3936 esse
636 3870 802 3936 volutum
835 3867 948 3954 singuli
981 3868 1034 3934 hic
1066 3886 1179 3935 uersus

115 3970 228 4038 iisdem
250 3971 363 4054 quibus
386 3971 449 4039 illic
470 3974 569 4040 notati
590 3971 738 4058 legrmtur
759 3979 910 4040 notantur
925 3972 1072 4039 numeris.
1096 3986 1179 4053 quae

116 4092 191 4140 vero
218 4073 284 4144 VV.
314 4073 382 4142 DD.
412 4080 444 4142 et
476 4081 548 4144 ante
580 4074 847 4144 Schneidewinum
877 4079 909 4144 in
940 4075 1053 4161 quibus
1080 4089 1179 4139 unum

118 4177 155 4246 G.
166 4176 381 4246 Hermannum
395 4181 524 4250 summis
545 4180 689 4250 laudibus
711 4201 883 4267 prosequor
907 4186 939 4250 et
960 4183 1033 4266 post
1055 4193 1128 4246 eum
1144 4173 1178 4240 in
