2856 4698
558 263 770 332 ...27-

134 455 309 536 suscepisse
334 451 504 520 identidem
538 452 704 535 glorietur,
737 451 823 519 velut
848 471 876 516 v.
907 455 1003 518 1365:
1036 453 1131 541 νεκρὸς
1157 455 1189 522 u

133 560 215 638 τῆοδε
237 559 331 636 dahel„-
351 559 440 647 χερὸς
462 563 543 646 ἔργον
566 565 597 624 et
619 575 691 623 mox
712 555 793 623 infru
814 577 841 622 v.
862 560 960 622 1395.-
982 558 1054 626 τόνδ’
1078 559 1187 638 ἔσφαξ’

135 665 203 745 ἐγώ.
226 664 351 746 egregie
374 661 506 745 denique
529 662 666 728 cumeis
690 679 768 745 quoe
790 661 857 744 ipse
878 659 1007 744 protulit
1022 661 1189 743 Aegisthus

134 767 277 834 convenit
317 765 393 832 illud
435 765 518 848 quod
559 763 671 830 chorus
708 762 856 847 Aegistho
899 762 1019 828 crimini
1054 762 1108 828 dat
1140 782 1188 828 vv.

138 873 361 936 1603-1604:

337 970 368 1049 ia
389 974 458 1049 οὐκ,
481 973 580 1056 ἐπειδὴ
602 970 666 1058 τῷδ’
690 971 866 1054 ἐβούλευσας
887 970 973 1058 μόνον

340 1076 439 1164 §picot
461 1076 518 1144 τὸδ’
543 1080 624 1164 ἔργον
646 1076 697 1142 οὐκ
720 1079 804 1160 ἔτλης
826 1075 1013 1150 mavortias.

133 1181 209 1246 item
230 1197 258 1242 v.
285 1180 507 1242 1613-1614:
531 1214 572 1224 -
594 1176 644 1244 τὸν
665 1175 752 1264 ἄνδρα
774 1177 846 1243 τόνδ’
870 1176 930 1244 ἀπὸ
952 1175 1056 1264 ψυχῆς
1077 1176 1168 1266 κακῆς

556 1274 560 1282 ’
593 1281 644 1346 οὐκ
666 1281 751 1356 αὐτὸς
771 1275 907 1366 ἠνοοιξες,
930 1280 1009 1348 ἀλλὰ
1030 1281 1074 1347 σοι’
1094 1281 1172 1366 paraq.

134 1383 291 1465 discrepat
319 1391 428 1449 contra
456 1401 493 1448 oc
521 1383 613 1466 piane
648 1383 832 1449 adversetur
863 1383 946 1466 quod
973 1382 1026 1448 illo
1056 1384 1193 1466 produnt

133 1487 229 1554 verba
250 1490 285 1555 or)
308 1489 420 1576 ὁόἲνδροι
441 1489 521 1556 τὸνδε
535 1491 595 1579 (pqr
617 1489 693 1555 ἑκὼν
714 1494 913 1555 κατακτανεῖν.
935 1505 1042 1552 verum
1063 1507 1103 1554 ne
1125 1493 1192 1554 tum

134 1592 267 1674 quidem
290 1592 317 1657 si
338 1592 379 1657 od
401 1611 470 1658 eam
492 1611 584 1676 quarn
600 1591 832 1658 Schneidewino
856 1592 1108 1675 exprobravimus
1122 1610 1191 1658 sen·

133 1692 263 1757 tentiam
287 1710 324 1758 eo
346 1699 510 1758 attenuare
531 1695 647 1775 piacet,
677 1691 752 1758 ferri
772 1700 904 1776 possunt
926 1693 1040 1775 quippe
1063 1710 1141 1774 quae
1164 1691 1191 1758 si

8 1854 9 1878 q
135 1813 172 1861 eo
194 1796 348 1873 valerent,
377 1803 409 1862 et
437 1796 529 1878 plone
551 1803 657 1864 essent
679 1798 779 1862 otiose
801 1805 833 1862 et
854 1795 1007 1862 fatuitatis
1030 1794 1190 1861 cuiusdam

133 1896 368 1980 amentiaequae
406 1905 574 1980 arguerent
611 1906 751 1981 poetam:
791 1918 925 1982 namque
967 1915 1074 1964 eorum
1111 1917 1191 1981 quac

133 2001 302 2083 Aegisthus
324 2002 417 2066 modo
440 2002 518 2068 dixit
538 2003 641 2086 aliqua
662 2008 784 2068 tantum
805 2002 912 2068 hahita
933 2002 1053 2068 rationo
1075 2001 1191 2068 insulse

132 2106 237 2172 hercle
259 2104 377 2172 faceret
399 2107 510 2172 chorus
533 2107 560 2172 si
581 2107 612 2172 iu
628 2108 829 2191 responsione
845 2108 904 2174 »de
918 2106 1071 2180 industria
1083 2106 1189 2171 illum«

3 2253 5 2310 ss
133 2247 176 2260 --
205 2210 274 2292 quis
303 2215 409 2291 potest
441 2210 606 2276 dubitare?
637 2251 678 2260 —
711 2212 858 2277 »caedem
888 2210 1072 2277 meditatum
1101 2228 1189 2276 esse«

135 2313 347 2395 opprobraret.
372 2321 404 2378 et
425 2313 571 2395 quidnam
592 2313 678 2379 vafer
707 2315 767 2380 iste
796 2335 833 2380 ao
861 2314 1075 2380 fraudulentus
1096 2313 1189 2380 homo

134 2417 195 2482 nisi
222 2421 342 2482 attente
373 2416 539 2498 deditoque
569 2435 664 2499 opera
686 2417 831 2482 molitur?
862 2417 1007 2500 quocirca
1034 2416 1096 2481 iem
1127 2435 1189 2482 non

132 2538 258 2598 vereor,
281 2538 321 2585 ne
343 2519 411 2601 quis
433 2518 549 2598 nodum
562 2539 612 2586 me
626 2521 658 2586 in
674 2521 777 2602 scirpo
796 2521 984 2603 quaesivisse
1001 2520 1188 2603 criminetur,

88 2655 90 2662 ·
132 2642 204 2689 eum
225 2623 344 2706 vulgari
366 2642 474 2689 versus
502 2624 584 2690 illius
613 2625 746 2690 lectione
775 2624 853 2690 odeo
875 2625 907 2690 iu
930 2623 1058 2689 dubium
1079 2631 1190 2691 vocata

130 2727 193 2792 levi
224 2727 357 2808 quodam
378 2727 543 2792 verborum
573 2727 764 2793 correctione
792 2727 905 2793 iustam
934 2727 1119 2794 sententiam
1140 2747 1189 2794 re

133 2829 344 2912 cuperandam
367 2848 436 2896 esse
456 2835 540 2913 puto.
563 2832 667 2915 iteque
691 2831 872 2919 scriptorem
901 2831 1024 2898 dedisse
1047 2832 1187 2898 coniicio:

339 2935 375 3001 σι)
398 2937 509 3024 δ’ἄνδροι
531 2937 612 3004 stude
634 2936 694 3024 (dfe
714 2937 770 3018 μὲν
792 2936 823 3002 οὖ
845 2944 1046 3016 κατακτανεῖν,

338 3040 424 3122 paroc
446 3044 470 3106 δ’
491 3045 625 3110 ἔποικτον
646 3043 726 3110 τόνδε
748 3040 903 3126 βονλεῖσοιν
924 3046 1020 3125 Gerar.
