2856 4698
555 291 770 358 ..25-

18 533 23 542 -
137 491 191 553 »nt
212 484 328 552 inimici
356 483 417 547 mei
447 483 585 564 ipsorum
615 478 773 561 suppliciis
797 477 856 543 huc
887 497 990 544 meum
1013 478 1198 562 supplicium

135 591 308 674 rependant
324 588 403 653 meis
424 583 627 651 vindicibus«
653 583 764 666 quibus
787 582 900 647 similia
922 588 995 648 sunt
1018 602 1096 665 quae
1117 581 1199 648 infra

135 695 174 760 de
196 695 428 776 Agamemnone
449 690 596 770 leguntur
618 706 665 752 vv.
692 685 915 752 lass-1300:

384 853 436 934 rtgq'
459 856 530 915 τοῖσι
551 845 673 914 &evadat
694 847 797 913 θανών
820 847 919 913 ἄλλων

386 954 498 1028 antaric-
511 953 653 1019 tantun
675 954 844 1037 ἐπικραίνει.

138 1123 247 1180 verum
268 1110 359 1176 huius
382 1107 443 1173 laci
467 1124 547 1189 quae
568 1103 734 1171 manifesto
757 1103 891 1172 inlibris
906 1111 1009 1174 exstat
1028 1077 1203 1196 corruptela

136 1219 163 1283 si
195 1216 318 1300 quaeris
349 1212 432 1278 unde
462 1209 603 1292 prolecta
631 1209 672 1273 sit
699 1209 851 1290 putanda,
888 1229 907 1274 a
935 1213 1203 1281 verisimilitudine

138 1319 215 1386 haec
258 1323 395 1384 statuere
436 1333 499 1379 non
538 1311 707 1378 abhorrere
750 1313 885 1378 uidetur:
931 1317 1003 1397 quia
1037 1317 1204 1384 verborum

103 1594 107 1608 ,
138 1532 259 1610 specta,
287 1543 354 1616 voc.
384 1526 473 1606 ptam
500 1522 636 1604 primum
662 1521 695 1585 in
724 1520 795 1600 ἐμοῦ
822 1527 889 1586 tum
919 1523 951 1586 in
981 1524 1052 1607 ὁμοῦ
1074 1525 1203 1592 abiisse:

141 1649 202 1712 qun
225 1629 322 1695 semel
343 1634 465 1693 mutatu
488 1624 699 1692 accusativum
726 1626 777 1692 τὸν
804 1631 876 1706 ἐμόν
900 1645 969 1692 cum
991 1629 1034 1694 nil
1057 1628 1117 1694 iam
1143 1649 1203 1712 quo
1312 1705 1314 1709 v

139 1727 310 1800 referretur
352 1730 500 1809 haberet,
546 1729 586 1795 ad
629 1728 866 1794 antecedentem
908 1731 1044 1796 dativum
1080 1738 1207 1820 ἐχθροῖς

138 1837 362 1920 tpovsiaa-sic
379 1837 461 1902 enim
474 1835 557 1899 inter
579 1851 648 1899 sese
664 1834 725 1897 iam
741 1851 823 1915 pone
840 1834 949 1901 coiisse
964 1836 1061 1901 verba
1072 1838 1207 1924 extasis

142 1942 254 2021 tima
284 1977 325 1990 -
356 1938 593 2005 accomodatum
621 1953 699 2000 esse.
733 1935 844 2030 quodsi
873 1937 931 2002 hac
958 1945 1067 2004 nostra
1101 1959 1206 2006 emcn-

139 2042 234 2110 dandi
256 2042 376 2108 ratione
399 2046 432 2106 et
454 2039 627 2106 sententiae
650 2045 681 2104 et
701 2037 852 2104 librarum
867 2043 1110 2108 memoriaenon
1125 2045 1205 2110 male

137 2144 333 2215 satisfactum
353 2145 511 2220 videatur,
534 2143 565 2207 id
587 2140 729 2224 profecto
752 2142 858 2207 mirari
879 2144 973 2209 liceat
992 2145 1206 2212 Hermannum

138 2257 172 2318 et
194 2250 246 2333 qui
275 2250 342 2315 eius
364 2247 496 2328 vestigia
525 2251 597 2310 sunt
626 2245 784 2327 persecuti
817 2247 895 2312 tanti
924 2245 1036 2315 iecisse
1059 2249 1207 2334 Hesychii

139 2355 275 2435 glossam
299 2357 462 2435 quaeest:
493 2347 633 2423 ἁσκεὸοις·
660 2352 775 2432 ψιλοῖς,
805 2349 1028 2436 inspiramine·
1052 2356 1207 2434 Αἰσχύλος

136 2457 357 2537 Ἀγαμέμνονι,
388 2457 423 2518 ut
451 2450 492 2517 ad
524 2449 627 2515 denuo
657 2448 745 2532 quasi
768 2447 979 2531 effingendam
1002 2453 1083 2520 hunc
1104 2456 1208 2523 locum

141 2577 267 2625 causam
290 2558 361 2624 inde
383 2561 526 2639 repetere
549 2571 611 2620 non
635 2553 821 2619 dubitarent

202 2647 210 2660 ’
249 2663 469 2727 1477-1480.
513 2657 550 2722 In
582 2656 765 2738 explicanda
793 2658 898 2722 vexati
926 2660 1020 2725 huius
1048 2660 1109 2728 loci
1140 2681 1209 2730 sen·

139 2765 240 2832 tentia
264 2761 497 2830 Schneideuiuo
520 2759 647 2837 accidit,
670 2765 705 2823 ut
720 2757 890 2825 subtilioris
907 2759 1086 2846 interpretis
1102 2772 1209 2846 partes

140 2885 245 2950 agens·
260 2866 292 2932 in
315 2867 442 2932 dumeta
473 2865 561 2947 quasi
591 2866 776 2945 surreperet.
807 2862 930 2945 planius
959 2874 1068 2934 contra
1090 2868 1208 2936 verius-

106 2979 203 3055 ‘que
231 2968 329 3034 verba
358 2967 531 3033 enucleavit
566 2961 717 3049 En'gerus.
748 2964 858 3047 quibus
898 2966 1019 3052 singula
1056 2972 1209 3056 quaedam

142 3070 260 3140 addere
282 3069 384 3136 liceat.
406 3086 473 3133 voc.
496 3067 657 3156 βιάζεσθαι
686 3085 780 3134 sensu
801 3069 925 3150 passivo
948 3071 998 3136 hic
1022 3072 1138 3138 dictum
1162 3080 1211 3140 est

145 3172 338 3259 significans:
364 3173 422 3254 »vi‚
440 3173 569 3238 invitum
586 3173 714 3248 accersi,
728 3171 845 3254 adigi«;
863 3179 894 3242 δέ
911 3175 992 3256 quod
1010 3179 1150 3260 sequitur
1162 3185 1210 3245 est

144 3297 318 3362 »namque«
327 3297 400 3344 num
412 3295 592 3360 reveraper
602 3278 763 3360 enallagen
773 3283 867 3359 poeta
883 3279 1044 3362 scripserit
1059 3280 1211 3371 ὁμόσποροι

146 3388 276 3472 ἐπιρροαὶ
297 3384 431 3466 aipoir'ws
451 3400 510 3464 pro
533 3382 702 3470 ὁμοσπόρων
725 3385 855 3470 ἐπιρροαὶ
883 3388 1016 3465 sipara-a
1045 3387 1076 3452 in
1106 3388 1209 3454 medio

144 3487 351 3570 relinquatur:
375 3485 559 3552 addubitare
583 3487 689 3569 utique
704 3485 791 3567 licet,
816 3487 888 3569 quia
906 3489 1003 3571 ipsius
1019 3491 1065 3556 rei
1081 3498 1211 3558 naturae

146 3609 226 3675 quae
248 3599 359 3672 αἵματα
381 3589 528 3678 δμὸσπορκ
558 3609 651 3657 unam
683 3609 813 3673 eamque
842 3594 1022 3674 primariam
1051 3597 1212 3662 notionem

147 3701 217 3780 (nos
242 3695 493 3774 »Vetiernblui«;
517 3693 600 3760 illem
623 3696 705 3779 quod
733 3698 840 3782 πάχνη
870 3695 1033 3788 κουροβόρος
1061 3719 1087 3765 v.
1115 3703 1211 3784 1480)

147 3797 269 3867 efficere
299 3797 435 3866 ostendit
464 3799 540 3866 illud
572 3805 747 3865 structurae
783 3817 882 3880 genus
911 3822 1022 3886 pamm
1053 3805 1211 3872 convenit:

146 3914 240 3987 μέλας
262 3909 355 3991 Ἄρης
387 3902 491 3967 »Mars
522 3911 589 3970 ater
617 3905 646 3969 h.
678 3923 703 3970 e.
734 3903 886 3988 funestus
919 3910 1070 3976 exitialis«
1103 3911 1212 3978 eadem

148 4007 273 4074 omnine
293 4005 521 4088 significatione
545 4007 661 4074 dictum
684 4017 816 4092 apparet
839 4030 899 4094 qua
921 4013 1029 4095 paucis
1053 4022 1126 4080 ante
1142 4033 1211 4080 uer·

148 4111 236 4179 sibus
274 4112 602 4200 πατρόθεν-ἀλάσταῃ,
641 4131 702 4197 qua
730 4115 812 4202 ’Ἄτη
841 4115 890 4180 Vel
923 4120 1037 4205 Ἐρινύς
1068 4120 1152 4186 Velut
1180 4120 1212 4186 in

147 4215 232 4299 Sept.
264 4215 334 4282 956.
371 4219 433 4282 972
462 4217 576 4305 ’Eparia
610 4227 750 4302 pitaram
791 4219 907 4286 ibidem
946 4227 1008 4288 680
1040 4227 1213 4308 μελαναιγῖς

1015 4334 1036 4395 4
