2856 4698
678 297 869 362 ,4,

247 488 358 571 quibus
388 486 517 552 honoris
548 505 642 553 causa
670 487 872 570 Karstenium
907 487 1116 570 Hartungium
1146 487 1305 571 Engerum

246 592 325 658 Lud.
348 591 525 675 Kayserum
558 589 755 658 Dindorfium
789 591 1084 657 Rauohensteinium
1113 591 1238 656 nomino
1265 590 1306 656 ad

246 695 488 780 Agamemnonis
521 694 770 760 emendationem
802 694 1015 776 contulemnt,
1048 714 1085 760 ea
1113 695 1145 758 in
1174 693 1305 775 singulis

201 801 202 806 ’
247 815 325 882 quos
354 798 444 864 nobis
475 798 696 864 examinandos
726 799 945 881 proposuimus
974 798 1051 864 loeis
1083 798 1185 880 quoad
1220 798 1305 864 vide·

246 903 331 968 bitur
365 921 463 984 eaque
498 920 560 983 qua
589 921 647 985 par
680 907 729 968 ost
761 903 868 967 habita
906 904 1027 968 rationo
1062 897 1305 984 perpendentur,

247 1023 356 1071 verum
386 1005 473 1070 nulla
501 1006 542 1071 sit
570 1005 659 1072 nobis
689 1005 850 1072 altercatio
877 1025 948 1072 cum
971 1005 1110 1072 eolibro
1132 1005 1185 1088 qui
1208 1005 1305 1074 Henr.

247 1108 359 1176 Weilio
381 1114 510 1176 auctore
527 1108 660 1176 Giessae
681 1110 860 1190 nuperrime
884 1110 916 1174 in
937 1110 1039 1176 lucem
1060 1109 1177 1190 prodiit
1197 1109 1306 1190 inquo

246 1215 294 1280 vir
323 1215 383 1281 iste
417 1213 614 1280 doctissimus
643 1214 789 1298 Aeschyli
822 1215 977 1280 tractandi
1010 1214 1092 1278 viam
1128 1213 1198 1278 iniit
1226 1231 1307 1294 quae

247 1319 330 1387 ultra
352 1337 421 1384 eam
444 1336 536 1402 quam
560 1319 686 1406 cautius
713 1338 770 1384 nos
792 1318 825 1382 in
849 1317 1021 1384 exercenda
1042 1322 1109 1382 ario
1132 1315 1239 1382 critica
1261 1315 1308 1380 in-

248 1421 393 1490 sistemus
416 1427 524 1488 eveota
545 1418 730 1504 longiusque
752 1421 790 1486 ab
814 1439 852 1486 ea
872 1425 993 1487 remota
1014 1419 1165 1485 videatur.

665 1851 793 1938 Ἰ.

351 2139 398 2204 Ac
424 2141 559 2223 primum
590 2141 715 2222 quidem
743 2143 894 2223 pristinae
917 2143 1159 2224 Agamemnonis
1181 2142 1309 2224 integri-

248 2244 307 2310 tati
328 2261 391 2308 non
414 2244 495 2310 male
518 2263 569 2311 me
592 2245 785 2320 consiluisse
807 2249 897 2330 puto,
930 2246 956 2311 si
978 2264 1087 2312 versus
1110 2245 1242 2328 aliquot,
1274 2248 1310 2310 ut

248 2347 301 2430 qui
323 2351 379 2412 aut
399 2365 463 2412 non
486 2347 549 2412 sint
570 2347 663 2432 hujus
677 2345 800 2414 fabulae
813 2353 869 2414 aut
885 2348 1009 2414 omnino
1024 2367 1085 2413 non
1101 2347 1139 2413 ab
1154 2347 1309 2430 Aeschylo

246 2447 395 2532 proiecti,
418 2449 641 2534 expungendos
663 2450 737 2516 hino
759 2452 902 2517 docuero.

350 2551 441 2628 Quod
471 2553 503 2616 in
534 2553 739 2618 insiticiarum
769 2555 905 2636 partium
937 2571 1035 2636 genus
1067 2552 1162 2617 verba
1191 2553 1309 2640 ἀπόρων

248 2651 326 2740 ἱερῶν
347 2650 514 2717 referenda
536 2670 648 2746 censeo
663 2674 690 2718 v.
705 2659 753 2718 70.
778 2654 822 2719 sio
845 2653 927 2720 enim
950 2652 1038 2717 libri:
1062 2652 1126 2720 οὔθ’
1142 2650 1310 2722 desolator

247 2754 343 2840 (quod
365 2745 530 2820 manifesto
559 2763 740 2840 corruptum
763 2757 924 2822 verissime
956 2757 1018 2821 iam
1048 2755 1226 2822 emendavit
1249 2755 1309 2823 Ga-

247 2857 405 2926 saubonus
434 2858 579 2928 dannaba
607 2863 779 2946 corrigens)
810 2862 876 2931 αὕθ’
901 2859 1065 2944 ὑπολείβων
1087 2859 1151 2929 οὔτε
1180 2862 1309 2948 δακρύων

247 2962 453 3052 ἀπύρωνὶερῶν
464 2965 666 3054 ὀργᾶςᾶτενεῖς
676 2966 871 3054 παραθέλξει.
891 2967 978 3048 atqui
988 2965 1084 3030 verba
1094 2965 1211 3053 ἀπύρων
1228 2963 1308 3053 ἱερῖιῗν

247 3073 363 3149 quanto
377 3069 455 3156 ,quis
478 3070 595 3135 diutius
618 3071 826 3138 considerabit
848 3076 936 3137 tanto
959 3071 1061 3136 minus
1089 3069 1248 3136 intellectu
1270 3087 1309 3136 ea

248 3190 354 3238 carere
377 3169 575 3239 infitiabitur:
596 3193 699 3257 neque
722 3175 862 3257 profecto
880 3179 986 3258 potest
1008 3175 1098 3240 aliter
1120 3192 1212 3255 quam
1236 3192 1308 3240 con-

247 3281 331 3344 torta
360 3278 494 3358 quadam
521 3279 778 3362 interpretatione
809 3279 911 3361 aliqua
942 3279 980 3345 iis
1009 3298 1085 3345 sana
1111 3277 1238 3364 attribui
1259 3279 1307 3342 vis

248 3384 302 3446 aut
322 3379 489 3462 perspicua
520 3398 590 3445 cnm
618 3383 732 3448 ceteris
761 3383 944 3448 coniunctio.
990 3382 1034 3447 nil
1063 3381 1145 3446 enim
1176 3377 1307 3446 subsidii

247 3483 319 3549 huic
341 3483 467 3564 quidem
496 3483 564 3550 loco
595 3484 633 3550 ab
663 3485 812 3568 Hesychii
841 3485 1027 3570 glossemate
1056 3485 1109 3551 illo
1136 3482 1306 3567 petendum

247 3593 297 3653 est
320 3587 597 3675 »exoptassem«
621 3594 653 3655 et
674 3590 820 3656 universa
842 3609 922 3674 quas
947 3589 1021 3657 inde
1043 3587 1236 3654 concluditur
1258 3605 1307 3652 ar-

247 3690 439 3772 gumentatio
468 3691 591 3758 vacillat
629 3697 661 3758 et
696 3691 856 3759 claudicat.
894 3695 1040 3776 quocirca
1069 3693 1095 3758 si
1122 3695 1230 3772 aperte
1260 3691 1305 3756 vis

248 3794 398 3873 iudicare,
437 3794 499 3860 dno
536 3794 590 3861 illa
621 3797 717 3863 verba
751 3798 784 3862 in
820 3799 1068 3882 interpolationis
1084 3795 1306 3877 'suspitionem

248 3915 341 3981 quam
369 3899 502 3965 maxime
531 3918 624 3967 voces
655 3906 688 3967 et
710 3921 729 3968 a
750 3907 844 3984 poeta
873 3901 1032 3967 abiudices
1061 3902 1185 3980 oportet
1215 3895 1306 3979 cnjus

248 4001 373 4083 quidem
398 4001 646 4086 interpolationis
670 4004 821 4088 originem
844 4003 871 4070 si
894 4003 1026 4085 quaeris,
1047 4001 1092 4068 ita
1104 4000 1221 4066 iactum
1236 4017 1305 4064 esse

248 4107 314 4174 ueri
351 4107 542 4175 simillimum
576 4109 717 4192 videtur,
749 4115 784 4174 ut
820 4109 861 4175 ad
892 4102 1127 4191 interpretanda
1154 4101 1333 4170 vocabula·

246 4207 411 4296 ὑπολείβων
434 4217 467 4279 et
488 4211 617 4304 daupr'rarn
639 4205 849 4282 illvetustiori
866 4211 946 4279 libro
964 4210 1069 4294 glossa
1089 4213 1205 4298 »ἄπυρα
1224 4205 1303 4296 ἶερᾶ«
