2856 4698
649 279 863 354 -20--

222 477 407 544 vocabulum
437 475 630 556 subsequens
662 477 738 550 Ζεὺς
772 477 855 559 quod
884 475 1022 541 secundo
1059 475 1163 540 versui
1201 475 1296 540 adiici

222 587 309 648 vetat
336 580 427 644 metri
454 597 553 660 genus
582 580 743 668 mittamus
766 579 799 643 in
821 595 988 662 praesens,
1018 579 1075 644 sed
1106 583 1210 644 ratum
1238 579 1297 642 ha-

221 685 351 749 beamus
378 701 415 748 eo
445 701 525 764 quae
557 681 669 746 deinde
699 681 844 762 legantur
876 677 958 748 »αὖτ’
990 682 1080 766 (αὕτ’)
1108 683 1211 748 drovc’
1244 688 1318 764 cn’j

223 789 391 869 νὶβλνβείᾳα
416 784 573 865 integrum
600 783 796 866 probumque
821 782 944 850 edicere
967 802 1092 850 versum
1123 784 1293 849 dimetrum

221 888 320 954 troch.
351 891 444 966 ucat„
482 886 623 968 quamvis
660 883 754 967 plane
791 887 926 952 absurda
962 887 1026 953 siut
1059 889 1091 952 et
1128 887 1198 968 ipsa
1229 887 1295 951 iam
1330 915 1334 922 ·

222 1009 280 1075 per
302 1009 336 1057 se
359 990 546 1054 damnentur
567 989 664 1055 verba
686 987 749 1056 αὖτ’
768 993 884 1057 troad.
907 990 969 1055 iam
991 1009 1066 1055 vero
1087 990 1191 1054 iocum
1214 994 1297 1055 stro-

222 1093 348 1176 phicum
371 1092 507 1172 respice:
531 1091 647 1174 optime
671 1093 815 1171 congruit
838 1097 890 1174 aad
907 1089 1021 1174 πὸτμος
1037 1077 1208 1178 εὐθυπορῶν
1223 1099 1298 1156 curn
1354 1101 1358 1108 ·

224 1197 287 1263 eddi
310 1197 361 1262 τὸν
383 1192 523 1281 ὀρθοδαῆ,
544 1199 701 1275 respuunt
723 1213 798 1259 uero
822 1195 1037 1275 antistrophae
1059 1199 1196 1259 metrum
1213 1211 1296 1274 quae

222 1298 284 1364 illic
313 1304 486 1380 sequuntur
516 1297 614 1364 verba
646 1298 747 1386 νίδρός
781 1284 902 1364 &unroco
932 1299 1065 1379 ἄφαντον
1094 1305 1183 1386 ἕρμα,
1224 1315 1298 1362 cum
1339 1355 1364 1392 ,Ι

222 1421 325 1484 neque
350 1402 383 1467 in
411 1401 468 1468 τῶν
496 1404 655 1483 φθιμένων
689 1404 808 1482 ἀνάγειν
847 1403 1001 1484 quadrent
1030 1421 1132 1483 neque
1157 1403 1191 1466 in
1219 1403 1300 1476 Ζεὺς

225 1502 285 1573 αὖτ’
311 1508 360 1570 ἔν.
390 1506 436 1571 ἐπ’
466 1506 537 1588 ddi.
570 1506 644 1586 quid
674 1504 769 1586 igitur
799 1505 1000 1570 statuendum
1022 1503 1147 1570 videtur
1169 1503 1208 1568 d'c
1231 1499 1295 1570 αὖτ’

225 1607 325 1674 dnaoc’
349 1606 426 1670 illo?
448 1605 509 1671 loci
531 1605 697 1688 strophici‚
726 1607 759 1671 ni
780 1605 881 1684 fallor,
907 1610 979 1671 sunt
1000 1605 1104 1685 verba,
1127 1606 1187 1670 nisi
1210 1607 1297 1694 quod

224 1708 286 1776 levi
321 1710 494 1791 scripturae
528 1708 642 1773 mendo
679 1708 868 1789 deformata,
907 1709 984 1773 abiit
1017 1703 1103 1774 enim'
1131 1707 1226 1774 ἔπννέ
1260 1707 1312 1779 in,

183 1805 189 1815 “
225 1814 338 1888 dorsus,
367 1817 400 1877 et
427 1812 523 1876 talem
551 1812 584 1876 in
613 1813 741 1876 modum
764 1812 877 1877 vitiosa
908 1811 1079 1892 eademque
1102 1809 1221 1893 mutila¹
1234 1809 1297 1874 lib·
1380 1879 1383 1886 ,

224 1935 330 1981 rorum
351 1914 444 1982 lectio
466 1901 704 1982 transcribenda
726 1915 862 1980 videtur:
932 1949 935 1961 ·

559 2071 610 2138 καὶ
631 2070 743 2151 obunca
764 2071 940 2158 εὐθυνορῶν

560 2175 597 2241 ἄν
612 2173 660 2262 ρδς
681 2209 698 2240 υ
720 2211 762 2222 -
784 2207 819 2240 ou
841 2211 884 2221 -

561 2276 623 2342 αὖτ’
649 2278 743 2342 ἔπαιέ
769 2277 901 2356 ἄφαντον
924 2281 1008 2364 ἕρμα.

225 2434 319 2511 atque
343 2427 421 2494 haec
444 2429 543 2510 verba
556 2431 715 2512 strophica
737 2427 803 2498 αὖτ’
819 2434 913 2498 ἔνων·
933 2447 1117 2511 quacunque
1129 2429 1180 2494 'de
1203 2447 1302 2494 causa

224 2532 339 2596 iterum
369 2533 486 2614 scripta
516 2534 611 2598 etiam
638 2535 818 2600 inversum
849 2533 1110 2613 antistrophicum
1132 2531 1301 2612 irrepsisse

226 2638 258 2699 ct
280 2633 352 2698 hinc
374 2635 491 2700 iustum
512 2636 742 2718 pristinumque
765 2637 847 2718 quod
871 2637 910 2702 ad
934 2637 997 2704 οὐδὲ·
1021 2635 1097 2710 Ζεὺς
1125 2633 1301 2717 pertineret

224 2738 410 2804 vocabulum
431 2738 500 2806 loco
524 2743 674 2820 movisse,
697 2742 766 2807 ioco
790 2741 948 2822 strophico
971 2745 1075 2805 autem
1098 2739 1179 2804 inter
1197 2740 1299 2826 ἀνδρὸς

226 2846 257 2905 et
279 2843 374 2906 ἔην’
400 2841 571 2922 compluria
593 2843 689 2906 verba
710 2844 743 2906 in
774 2844 823 2908 his
853 2845 946 2907 etiam
976 2840 1036 2910 αὖτ’
1068 2843 1184 2926 [nonne
1214 2839 1297 2926 sirii]

225 2943 379 3011 excidisse
397 2948 482 3024 puta.
506 2962 585 3026 quae
608 2945 634 3010 si
656 2951 742 3010 recte
763 2945 968 3011 divinavimus
987 2967 1034 3009 vv.
1052 2944 1297 3024 antistrophicos

224 3045 256 3109 in
279 3044 360 3110 hanc
381 3044 514 3110 formam
536 3043 640 3113 redire
665 3053 908 3115 consentaneum
932 3051 995 3114 est:

564 3205 628 3270 οὐδὲ·
650 3203 703 3272 τᾶν
725 3205 850 3290 &pictai

563 3307 620 3375 τῶν
643 3310 802 3388 adipsum
824 3307 943 3386 ἀνάγειν

561 3411 637 3484 Ζεῠς
658 3449 674 3475 ν
699 3448 740 3458 -
764 3412 811 3478 ἐπ’
835 3411 996 3496 &pradela

224 3559 391 3628 lectionem
414 3563 462 3630 ἐπ’
484 3563 635 3648 &diaden
656 3563 748 3628 alteri
769 3565 904 3645 praetuli
916 3583 995 3646 quae
1011 3569 1059 3630 est
1074 3567 1122 3632 ἐπ’
1142 3565 1293 3646 εὐλαβείᾳ,

226 3665 309 3746 qnod
330 3664 398 3730 iure
420 3662 537 3730 sacrum
560 3684 630 3732 esse
653 3671 685 3732 et
707 3665 816 3732 scholii
839 3667 911 3732 huic
931 3665 1000 3733 loco
1017 3665 1166 3748 adscripti
1188 3665 1293 3732 verbis

225 3766 297 3843 cirre
319 3767 360 3856 μὴ
382 3771 428 3835 ἔτι
448 3769 597 3852 βλαβῆναι
619 3775 652 3836 et
664 3771 763 3852 ipsius
777 3771 837 3835 loci
852 3776 1036 3851 argumento
1056 3774 1144 3834 extra
1168 3785 1292 3833 omnem

226 3871 452 3938 dubitationem
474 3873 611 3954 positum
635 3874 772 3954 videtur3
796 3874 938 3955 pluribus
954 3874 1012 3938 hac
1033 3874 1121 3938 dere
1145 3873 1294 3938 disseruit

224 3975 368 4056 Engerus
395 3976 427 4040 in
456 3977 569 4042 Muetz.
600 3977 712 4044 anuali.
741 3979 761 4043 l.
794 3979 813 4042 l.
844 3999 873 4060 p.
906 3977 976 4042 729.
1011 3996 1119 4042 verum
1151 3975 1291 4042 scholion

224 4078 301 4145 illud
325 4097 395 4145 csse
418 4080 622 4160 depravatum
645 4087 677 4148 et
699 4082 804 4165 aliquo
833 4082 976 4147 laborare
1005 4080 1119 4146 mendo
1142 4097 1237 4144 manu
1258 4080 1292 4145 id

225 4189 364 4250 tenetur:
394 4183 512 4250 scholia
540 4189 646 4253 autem
675 4190 707 4252 ct
736 4186 798 4252 adiu
825 4185 857 4252 id
886 4202 986 4266 genus
1014 4183 1288 4264 grammaticorum
