<?xml version="1.0" encoding="UTF-8"?>
<!DOCTYPE html PUBLIC "-//W3C//DTD XHTML 1.0 Transitional//EN"
    "http://www.w3.org/TR/xhtml1/DTD/xhtml1-transitional.dtd">
<html xmlns="http://www.w3.org/1999/xhtml" xml:lang="en" lang="en">
 <head>
  <title>
</title>
<meta http-equiv="Content-Type" content="text/html;charset=utf-8" />
  <meta name='ocr-system' content='tesseract 3.04.00' />
  <meta name='ocr-capabilities' content='ocr_page ocr_carea ocr_par ocr_line ocrx_word'/>
</head>
<body>
  <div class='ocr_page' id='page_1' title='image "./observationescr00schmgoog_0020.png"; bbox 0 0 2856 4698; ppageno 0'>
   <div class='ocr_carea' id='block_1_1' title="bbox 535 272 751 341">
    <p class='ocr_par' dir='ltr' id='par_1_1' title="bbox 535 272 751 341">
     <span class='ocr_line' id='line_1_1' title="bbox 535 272 751 341; baseline 0.009 -23"><span class='ocrx_word' id='word_1_1' title='bbox 535 272 751 341; x_wconf 70' lang='lat'>..15-</span> 
     </span>
    </p>
   </div>
   <div class='ocr_carea' id='block_1_2' title="bbox 104 453 1195 4260">
    <p class='ocr_par' dir='ltr' id='par_1_2' title="bbox 104 453 1195 4260">
     <span class='ocr_line' id='line_1_2' title="bbox 105 453 1178 540; baseline 0 -18"><span class='ocrx_word' id='word_1_2' title='bbox 105 461 196 538; x_wconf 84' lang='lat' dir='ltr'>poia:</span> <span class='ocrx_word' id='word_1_3' title='bbox 227 465 378 540; x_wconf 71' lang='grc' dir='ltr'>πέφανται</span> <span class='ocrx_word' id='word_1_4' title='bbox 402 453 457 540; x_wconf 86' lang='lat' dir='ltr'>[ad</span> <span class='ocrx_word' id='word_1_5' title='bbox 480 455 515 519; x_wconf 92' lang='lat' dir='ltr'>id</span> <span class='ocrx_word' id='word_1_6' title='bbox 537 453 664 538; x_wconf 88' lang='lat' dir='ltr'>quidem</span> <span class='ocrx_word' id='word_1_7' title='bbox 687 453 821 522; x_wconf 88' lang='lat' dir='ltr'>subiecti</span> <span class='ocrx_word' id='word_1_8' title='bbox 849 453 920 522; x_wconf 92' lang='lat' dir='ltr'>loco</span> <span class='ocrx_word' id='word_1_9' title='bbox 948 455 1060 524; x_wconf 82' lang='lat' dir='ltr'>ascisci</span> <span class='ocrx_word' id='word_1_10' title='bbox 1090 455 1178 524; x_wconf 90' lang='lat' dir='ltr'>iubet</span> 
     </span>
     <span class='ocr_line' id='line_1_3' title="bbox 106 559 1178 650; baseline 0.004 -24"><span class='ocrx_word' id='word_1_11' title='bbox 106 561 358 626; x_wconf 78' lang='lat' dir='ltr'>enunciationem</span> <span class='ocrx_word' id='word_1_12' title='bbox 379 559 620 638; x_wconf 84' lang='lat' dir='ltr'>antecedentem</span> <span class='ocrx_word' id='word_1_13' title='bbox 643 577 723 642; x_wconf 87' lang='lat' dir='ltr'>quae</span> <span class='ocrx_word' id='word_1_14' title='bbox 745 565 796 626; x_wconf 89' lang='lat' dir='ltr'>est</span> <span class='ocrx_word' id='word_1_15' title='bbox 816 559 910 638; x_wconf 72' lang='grc' dir='ltr'><strong><em>θεοὺς</em></strong></span> <span class='ocrx_word' id='word_1_16' title='bbox 931 560 1042 650; x_wconf 71' lang='grc' dir='ltr'><strong><em>βροτῶν</em></strong></span> <span class='ocrx_word' id='word_1_17' title='bbox 1064 560 1178 642; x_wconf 55' lang='lat' dir='ltr'>aermo-</span> 
     </span>
     <span class='ocr_line' id='line_1_4' title="bbox 107 659 1180 756; baseline 0.004 -26"><span class='ocrx_word' id='word_1_18' title='bbox 107 669 162 732; x_wconf 72' lang='lat' dir='ltr'>aar</span> <span class='ocrx_word' id='word_1_19' title='bbox 189 665 315 750; x_wconf 57' lang='lat' dir='ltr'>mirra]</span> <span class='ocrx_word' id='word_1_20' title='bbox 354 663 509 746; x_wconf 66' lang='lat' dir='ltr'>l&#39;s&#39;rrncrctc</span> <span class='ocrx_word' id='word_1_21' title='bbox 541 659 713 750; x_wconf 62' lang='grc' dir='ltr'><strong><em>ἀτολμήτως</em></strong></span> <span class='ocrx_word' id='word_1_22' title='bbox 739 663 818 751; x_wconf 77' lang='grc' dir='ltr'>Ἀρη</span> <span class='ocrx_word' id='word_1_23' title='bbox 853 663 999 734; x_wconf 49' lang='lat' dir='ltr'>«aaaron</span> <span class='ocrx_word' id='word_1_24' title='bbox 1033 661 1135 752; x_wconf 68' lang='grc' dir='ltr'>μείζον’</span> <span class='ocrx_word' id='word_1_25' title='bbox 1162 664 1180 756; x_wconf 66' lang='grc' dir='ltr'>ἢ</span> 
     </span>
     <span class='ocr_line' id='line_1_5' title="bbox 107 767 1176 850; baseline 0.002 -14"><span class='ocrx_word' id='word_1_26' title='bbox 107 772 229 844; x_wconf 70' lang='grc' dir='ltr'>δικαίως.</span> <span class='ocrx_word' id='word_1_27' title='bbox 252 768 309 836; x_wconf 87' lang='lat' dir='ltr'>sed</span> <span class='ocrx_word' id='word_1_28' title='bbox 329 767 554 850; x_wconf 86' lang='lat' dir='ltr'>primumquid</span> <span class='ocrx_word' id='word_1_29' title='bbox 579 767 718 848; x_wconf 85' lang='lat' dir='ltr'>»posteri</span> <span class='ocrx_word' id='word_1_30' title='bbox 728 767 1176 850; x_wconf 68' lang='lat' dir='ltr'>Troianorum-Troianos</span> 
     </span>
     <span class='ocr_line' id='line_1_6' title="bbox 106 870 1180 957; baseline 0.001 -20"><span class='ocrx_word' id='word_1_31' title='bbox 106 877 212 937; x_wconf 90' lang='lat' dir='ltr'>autem</span> <span class='ocrx_word' id='word_1_32' title='bbox 235 871 413 938; x_wconf 84' lang='lat' dir='ltr'>summatim</span> <span class='ocrx_word' id='word_1_33' title='bbox 434 870 575 952; x_wconf 90' lang='lat' dir='ltr'>produnt</span> <span class='ocrx_word' id='word_1_34' title='bbox 603 870 702 935; x_wconf 83' lang='lat' dir='ltr'>verba</span> <span class='ocrx_word' id='word_1_35' title='bbox 730 888 810 952; x_wconf 88' lang='lat' dir='ltr'>quae</span> <span class='ocrx_word' id='word_1_36' title='bbox 839 871 1035 954; x_wconf 87' lang='lat' dir='ltr'>praecedunt</span> <span class='ocrx_word' id='word_1_37' title='bbox 1056 877 1180 957; x_wconf 73' lang='grc' dir='ltr'><strong><em>ἔχουσιν</em></strong></span> 
     </span>
     <span class='ocr_line' id='line_1_7' title="bbox 108 972 1179 1063; baseline 0 -22"><span class='ocrx_word' id='word_1_38' title='bbox 108 981 139 1041; x_wconf 90' lang='grc'>11</span> <span class='ocrx_word' id='word_1_39' title='bbox 162 975 310 1063; x_wconf 60' lang='lat' dir='ltr'>iamiar:</span> <span class='ocrx_word' id='word_1_40' title='bbox 349 973 385 1040; x_wconf 85' lang='lat' dir='ltr'>cl.</span> <span class='ocrx_word' id='word_1_41' title='bbox 411 974 509 1038; x_wconf 90' lang='lat' dir='ltr'>etiam</span> <span class='ocrx_word' id='word_1_42' title='bbox 529 992 558 1038; x_wconf 87' lang='lat' dir='ltr'>v.</span> <span class='ocrx_word' id='word_1_43' title='bbox 584 972 647 1038; x_wconf 78' lang='lat'>342</span> <span class='ocrx_word' id='word_1_44' title='bbox 670 973 785 1038; x_wconf 87' lang='lat' dir='ltr'>-hic</span> <span class='ocrx_word' id='word_1_45' title='bbox 817 974 859 1039; x_wconf 90' lang='lat' dir='ltr'>ad</span> <span class='ocrx_word' id='word_1_46' title='bbox 889 994 958 1040; x_wconf 93' lang='lat' dir='ltr'>rem</span> <span class='ocrx_word' id='word_1_47' title='bbox 980 981 1016 1041; x_wconf 89' lang='lat' dir='ltr'>nt</span> <span class='ocrx_word' id='word_1_48' title='bbox 1039 976 1092 1058; x_wconf 93' lang='lat' dir='ltr'>qui</span> <span class='ocrx_word' id='word_1_49' title='bbox 1114 994 1179 1041; x_wconf 89' lang='lat' dir='ltr'>ma-</span> 
     </span>
     <span class='ocr_line' id='line_1_8' title="bbox 104 1075 1180 1164; baseline 0.001 -19"><span class='ocrx_word' id='word_1_50' title='bbox 104 1079 227 1162; x_wconf 89' lang='lat' dir='ltr'>joribus</span> <span class='ocrx_word' id='word_1_51' title='bbox 250 1078 410 1161; x_wconf 85' lang='lat' dir='ltr'>oppressis</span> <span class='ocrx_word' id='word_1_52' title='bbox 432 1075 512 1142; x_wconf 89' lang='lat' dir='ltr'>nulli</span> <span class='ocrx_word' id='word_1_53' title='bbox 541 1077 604 1142; x_wconf 92' lang='lat' dir='ltr'>iam</span> <span class='ocrx_word' id='word_1_54' title='bbox 634 1077 786 1143; x_wconf 84' lang='lat' dir='ltr'>exsistere</span> <span class='ocrx_word' id='word_1_55' title='bbox 806 1079 1049 1160; x_wconf 73' lang='lat' dir='ltr'>putandi&#39;sint?</span> <span class='ocrx_word' id='word_1_56' title='bbox 1077 1099 1180 1164; x_wconf 88' lang='lat' dir='ltr'>neque</span> 
     </span>
     <span class='ocr_line' id='line_1_9' title="bbox 106 1180 1178 1266; baseline 0.001 -19"><span class='ocrx_word' id='word_1_57' title='bbox 106 1180 248 1263; x_wconf 89' lang='lat' dir='ltr'>prolecto</span> <span class='ocrx_word' id='word_1_58' title='bbox 271 1181 371 1262; x_wconf 83' lang='lat' dir='ltr'>magis</span> <span class='ocrx_word' id='word_1_59' title='bbox 394 1180 465 1246; x_wconf 88' lang='lat' dir='ltr'>illos</span> <span class='ocrx_word' id='word_1_60' title='bbox 488 1197 582 1262; x_wconf 89' lang='lat' dir='ltr'>quam</span> <span class='ocrx_word' id='word_1_61' title='bbox 604 1199 858 1266; x_wconf 89' lang='lat' dir='ltr'>unumquemque</span> <span class='ocrx_word' id='word_1_62' title='bbox 882 1181 921 1246; x_wconf 90' lang='lat' dir='ltr'>de</span> <span class='ocrx_word' id='word_1_63' title='bbox 944 1182 1049 1247; x_wconf 88' lang='lat' dir='ltr'>divina</span> <span class='ocrx_word' id='word_1_64' title='bbox 1070 1202 1178 1250; x_wconf 90' lang='lat' dir='ltr'>rerum</span> 
     </span>
     <span class='ocr_line' id='line_1_10' title="bbox 106 1283 1180 1368; baseline 0.002 -20"><span class='ocrx_word' id='word_1_65' title='bbox 106 1286 312 1350; x_wconf 74' lang='lat' dir='ltr'>humanatam</span> <span class='ocrx_word' id='word_1_66' title='bbox 334 1283 556 1367; x_wconf 81' lang='lat' dir='ltr'>procuratione</span> <span class='ocrx_word' id='word_1_67' title='bbox 579 1303 615 1348; x_wconf 91' lang='lat' dir='ltr'>ac</span> <span class='ocrx_word' id='word_1_68' title='bbox 630 1284 770 1348; x_wconf 75' lang='grc'>11111111</span> <span class='ocrx_word' id='word_1_69' title='bbox 783 1285 978 1350; x_wconf 83' lang='lat' dir='ltr'>admonitum</span> <span class='ocrx_word' id='word_1_70' title='bbox 996 1285 1064 1350; x_wconf 87' lang='lat' dir='ltr'>vult</span> <span class='ocrx_word' id='word_1_71' title='bbox 1076 1291 1180 1368; x_wconf 89' lang='lat' dir='ltr'>poeta.</span> 
     </span>
     <span class='ocr_line' id='line_1_11' title="bbox 108 1387 1183 1472; baseline 0 -18"><span class='ocrx_word' id='word_1_72' title='bbox 108 1407 205 1471; x_wconf 90' lang='lat' dir='ltr'>qnare</span> <span class='ocrx_word' id='word_1_73' title='bbox 229 1406 291 1455; x_wconf 92' lang='lat' dir='ltr'>non</span> <span class='ocrx_word' id='word_1_74' title='bbox 315 1389 397 1452; x_wconf 87' lang='lat' dir='ltr'>male</span> <span class='ocrx_word' id='word_1_75' title='bbox 419 1387 459 1452; x_wconf 85' lang='lat' dir='ltr'>ad</span> <span class='ocrx_word' id='word_1_76' title='bbox 482 1405 609 1451; x_wconf 90' lang='lat' dir='ltr'>sensum</span> <span class='ocrx_word' id='word_1_77' title='bbox 626 1387 759 1452; x_wconf 90' lang='lat' dir='ltr'>coniecit</span> <span class='ocrx_word' id='word_1_78' title='bbox 778 1387 974 1471; x_wconf 82' lang='lat' dir='ltr'>Hartungn&#39;us</span> <span class='ocrx_word' id='word_1_79' title='bbox 992 1389 1183 1472; x_wconf 83' lang='lat' dir='ltr'>Aeschylum</span> 
     </span>
     <span class='ocr_line' id='line_1_12' title="bbox 107 1491 1183 1580; baseline 0 -22"><span class='ocrx_word' id='word_1_80' title='bbox 107 1492 234 1558; x_wconf 81' lang='lat' dir='ltr'>dedisse</span> <span class='ocrx_word' id='word_1_81' title='bbox 263 1499 417 1573; x_wconf 72' lang='grc' dir='ltr'>πέφανται</span> <span class='ocrx_word' id='word_1_82' title='bbox 447 1492 623 1558; x_wconf 67' lang='lat' dir='ltr'>terracona</span> <span class='ocrx_word' id='word_1_83' title='bbox 651 1491 750 1573; x_wconf 75' lang='grc' dir='ltr'>τόλμα</span> <span class='ocrx_word' id='word_1_84' title='bbox 780 1491 839 1558; x_wconf 59' lang='lat' dir='ltr'>cciv</span> <span class='ocrx_word' id='word_1_85' title='bbox 855 1494 935 1580; x_wconf 69' lang='lat' dir='ltr'>&#39;Apa</span> <span class='ocrx_word' id='word_1_86' title='bbox 964 1521 1013 1560; x_wconf 80' lang='grc' dir='ltr'>πν.</span> <span class='ocrx_word' id='word_1_87' title='bbox 1043 1501 1111 1564; x_wconf 81' lang='grc' dir='ltr'><strong>κτλ.</strong></span> <span class='ocrx_word' id='word_1_88' title='bbox 1150 1492 1183 1558; x_wconf 86' lang='lat' dir='ltr'>id</span> 
     </span>
     <span class='ocr_line' id='line_1_13' title="bbox 109 1594 1183 1678; baseline 0.002 -18"><span class='ocrx_word' id='word_1_89' title='bbox 109 1596 194 1678; x_wconf 89' lang='lat' dir='ltr'>quod</span> <span class='ocrx_word' id='word_1_90' title='bbox 215 1594 361 1676; x_wconf 88' lang='lat' dir='ltr'>probavit</span> <span class='ocrx_word' id='word_1_91' title='bbox 382 1594 519 1676; x_wconf 72' lang='lat' dir='ltr'>liugero.</span> <span class='ocrx_word' id='word_1_92' title='bbox 541 1599 758 1660; x_wconf 84' lang='lat' dir='ltr'>verumtamen</span> <span class='ocrx_word' id='word_1_93' title='bbox 780 1594 854 1660; x_wconf 90' lang='lat' dir='ltr'>vide</span> <span class='ocrx_word' id='word_1_94' title='bbox 876 1613 915 1662; x_wconf 89' lang='lat' dir='ltr'>nc</span> <span class='ocrx_word' id='word_1_95' title='bbox 938 1596 1126 1678; x_wconf 84' lang='lat' dir='ltr'>propensius</span> <span class='ocrx_word' id='word_1_96' title='bbox 1141 1596 1183 1662; x_wconf 79' lang='lat' dir='ltr'>ml</span> 
     </span>
     <span class='ocr_line' id='line_1_14' title="bbox 107 1696 1184 1787; baseline 0.003 -23"><span class='ocrx_word' id='word_1_97' title='bbox 107 1701 170 1766; x_wconf 92' lang='lat' dir='ltr'>loci</span> <span class='ocrx_word' id='word_1_98' title='bbox 194 1699 361 1764; x_wconf 84' lang='lat' dir='ltr'>veritatem</span> <span class='ocrx_word' id='word_1_99' title='bbox 384 1699 427 1764; x_wconf 88' lang='lat' dir='ltr'>sit</span> <span class='ocrx_word' id='word_1_100' title='bbox 448 1716 505 1780; x_wconf 92' lang='lat' dir='ltr'>pro</span> <span class='ocrx_word' id='word_1_101' title='bbox 520 1699 666 1784; x_wconf 73' lang='grc' dir='ltr'>Ιἐγνόνονς</span> <span class='ocrx_word' id='word_1_102' title='bbox 680 1696 834 1764; x_wconf 86' lang='lat' dir='ltr'>librorum</span> <span class='ocrx_word' id='word_1_103' title='bbox 847 1699 986 1766; x_wconf 86' lang='lat' dir='ltr'>scribere</span> <span class='ocrx_word' id='word_1_104' title='bbox 1001 1700 1184 1787; x_wconf 68' lang='grc' dir='ltr'>ἐγκρατὴς</span> 
     </span>
     <span class='ocr_line' id='line_1_15' title="bbox 111 1801 1183 1883; baseline 0.001 -16"><span class='ocrx_word' id='word_1_105' title='bbox 111 1803 200 1867; x_wconf 91' lang='lat' dir='ltr'>cuius</span> <span class='ocrx_word' id='word_1_106' title='bbox 238 1801 363 1883; x_wconf 89' lang='lat' dir='ltr'>quidem</span> <span class='ocrx_word' id='word_1_107' title='bbox 395 1802 481 1866; x_wconf 88' lang='lat' dir='ltr'>vocis</span> <span class='ocrx_word' id='word_1_108' title='bbox 519 1801 685 1881; x_wconf 80' lang='lat' dir='ltr'>vestigium</span> <span class='ocrx_word' id='word_1_109' title='bbox 722 1801 807 1882; x_wconf 85' lang='lat' dir='ltr'>apud</span> <span class='ocrx_word' id='word_1_110' title='bbox 838 1807 982 1868; x_wconf 89' lang='lat' dir='ltr'>nostrum</span> <span class='ocrx_word' id='word_1_111' title='bbox 1015 1808 1118 1868; x_wconf 81' lang='lat' dir='ltr'>exstat</span> <span class='ocrx_word' id='word_1_112' title='bbox 1150 1803 1183 1877; x_wconf 80' lang='lat' dir='ltr'>in</span> 
     </span>
     <span class='ocr_line' id='line_1_16' title="bbox 109 1901 1184 1990; baseline 0.002 -22"><span class='ocrx_word' id='word_1_113' title='bbox 109 1905 215 1970; x_wconf 90' lang='lat' dir='ltr'>Prom.</span> <span class='ocrx_word' id='word_1_114' title='bbox 241 1922 267 1967; x_wconf 89' lang='lat' dir='ltr'>v.</span> <span class='ocrx_word' id='word_1_115' title='bbox 293 1909 348 1968; x_wconf 68' lang='grc' dir='ltr'>ὁδε</span> <span class='ocrx_word' id='word_1_116' title='bbox 378 1901 484 1990; x_wconf 70' lang='grc' dir='ltr'><strong><em>κράτος</em></strong></span> <span class='ocrx_word' id='word_1_117' title='bbox 512 1909 664 1988; x_wconf 60' lang='lat' dir='ltr'>inamata.</span> <span class='ocrx_word' id='word_1_118' title='bbox 696 1908 729 1968; x_wconf 91' lang='lat' dir='ltr'>et</span> <span class='ocrx_word' id='word_1_119' title='bbox 756 1923 794 1970; x_wconf 84' lang='lat' dir='ltr'>ex</span> <span class='ocrx_word' id='word_1_120' title='bbox 817 1905 1023 1970; x_wconf 87' lang='lat' dir='ltr'>usitatissima</span> <span class='ocrx_word' id='word_1_121' title='bbox 1046 1905 1184 1970; x_wconf 88' lang='lat' dir='ltr'>dictione</span> 
     </span>
     <span class='ocr_line' id='line_1_17' title="bbox 110 2006 1185 2100; baseline -0.004 -22"><span class='ocrx_word' id='word_1_122' title='bbox 110 2007 257 2096; x_wconf 73' lang='grc' dir='ltr'>ἐγκρατὴς</span> <span class='ocrx_word' id='word_1_123' title='bbox 280 2011 436 2088; x_wconf 70' lang='grc' dir='ltr'><strong><em>γίγνεσθαι</em></strong></span> <span class='ocrx_word' id='word_1_124' title='bbox 459 2027 482 2072; x_wconf 88' lang='lat' dir='ltr'>s.</span> <span class='ocrx_word' id='word_1_125' title='bbox 506 2007 583 2100; x_wconf 69' lang='lat' dir='ltr'>sicat</span> <span class='ocrx_word' id='word_1_126' title='bbox 599 2034 675 2082; x_wconf 73' lang='grc' dir='ltr'><strong><em>τινος</em></strong></span> <span class='ocrx_word' id='word_1_127' title='bbox 703 2007 788 2088; x_wconf 90' lang='lat' dir='ltr'>quod</span> <span class='ocrx_word' id='word_1_128' title='bbox 818 2014 867 2072; x_wconf 88' lang='lat' dir='ltr'>est</span> <span class='ocrx_word' id='word_1_129' title='bbox 899 2006 1050 2074; x_wconf 79' lang='lat' dir='ltr'>»alicuius</span> <span class='ocrx_word' id='word_1_130' title='bbox 1072 2013 1185 2090; x_wconf 91' lang='lat' dir='ltr'>poten·</span> 
     </span>
     <span class='ocr_line' id='line_1_18' title="bbox 111 2108 1183 2194; baseline 0 -16"><span class='ocrx_word' id='word_1_131' title='bbox 111 2119 191 2190; x_wconf 84' lang='lat' dir='ltr'>iem,</span> <span class='ocrx_word' id='word_1_132' title='bbox 214 2111 319 2194; x_wconf 90' lang='lat' dir='ltr'>aliquo</span> <span class='ocrx_word' id='word_1_133' title='bbox 343 2111 537 2192; x_wconf 87' lang='lat' dir='ltr'>superiorem</span> <span class='ocrx_word' id='word_1_134' title='bbox 560 2128 630 2176; x_wconf 89' lang='lat' dir='ltr'>esse</span> <span class='ocrx_word' id='word_1_135' title='bbox 654 2130 678 2174; x_wconf 90' lang='lat' dir='ltr'>s.</span> <span class='ocrx_word' id='word_1_136' title='bbox 693 2108 780 2174; x_wconf 85' lang='lat' dir='ltr'>fieri«</span> <span class='ocrx_word' id='word_1_137' title='bbox 805 2109 897 2176; x_wconf 86' lang='lat' dir='ltr'>facile</span> <span class='ocrx_word' id='word_1_138' title='bbox 916 2109 1073 2192; x_wconf 81' lang='lat' dir='ltr'>colligitur</span> <span class='ocrx_word' id='word_1_139' title='bbox 1090 2110 1183 2178; x_wconf 88' lang='lat' dir='ltr'>huius</span> 
     </span>
     <span class='ocr_line' id='line_1_19' title="bbox 111 2213 1185 2298; baseline -0.001 -18"><span class='ocrx_word' id='word_1_140' title='bbox 111 2214 172 2280; x_wconf 92' lang='lat' dir='ltr'>loci</span> <span class='ocrx_word' id='word_1_141' title='bbox 197 2213 309 2292; x_wconf 88' lang='lat' dir='ltr'>verba,</span> <span class='ocrx_word' id='word_1_142' title='bbox 333 2213 359 2278; x_wconf 89' lang='lat' dir='ltr'>si</span> <span class='ocrx_word' id='word_1_143' title='bbox 383 2213 509 2296; x_wconf 85' lang='lat' dir='ltr'>quidem</span> <span class='ocrx_word' id='word_1_144' title='bbox 530 2233 606 2279; x_wconf 90' lang='lat' dir='ltr'>vera</span> <span class='ocrx_word' id='word_1_145' title='bbox 622 2221 671 2280; x_wconf 89' lang='lat' dir='ltr'>est</span> <span class='ocrx_word' id='word_1_146' title='bbox 687 2231 795 2278; x_wconf 90' lang='lat' dir='ltr'>eorum</span> <span class='ocrx_word' id='word_1_147' title='bbox 812 2213 1005 2280; x_wconf 88' lang='lat' dir='ltr'>coniectura:</span> <span class='ocrx_word' id='word_1_148' title='bbox 1029 2222 1185 2298; x_wconf 66' lang='grc' dir='ltr'>πέφανται</span> 
     </span>
     <span class='ocr_line' id='line_1_20' title="bbox 112 2317 1186 2405; baseline -0.003 -21"><span class='ocrx_word' id='word_1_149' title='bbox 112 2317 283 2405; x_wconf 58' lang='lat' dir='ltr'>&amp;insparsis</span> <span class='ocrx_word' id='word_1_150' title='bbox 310 2319 394 2385; x_wconf 71' lang='grc' dir='ltr'><strong><em>ἀνολ.</em></strong></span> <span class='ocrx_word' id='word_1_151' title='bbox 420 2317 499 2404; x_wconf 67' lang='lat' dir='ltr'>&#39;Apa</span> <span class='ocrx_word' id='word_1_152' title='bbox 528 2348 578 2384; x_wconf 76' lang='grc' dir='ltr'>πν.</span> <span class='ocrx_word' id='word_1_153' title='bbox 608 2326 675 2386; x_wconf 75' lang='grc' dir='ltr'><strong>κτλ.</strong></span> <span class='ocrx_word' id='word_1_154' title='bbox 709 2317 754 2381; x_wconf 83' lang='grc'>111</span> <span class='ocrx_word' id='word_1_155' title='bbox 784 2317 995 2398; x_wconf 73' lang='lat' dir='ltr'>intellegenda</span> <span class='ocrx_word' id='word_1_156' title='bbox 1016 2336 1101 2382; x_wconf 88' lang='lat' dir='ltr'>esse:</span> <span class='ocrx_word' id='word_1_157' title='bbox 1133 2336 1186 2382; x_wconf 89' lang='lat' dir='ltr'>su-</span> 
     </span>
     <span class='ocr_line' id='line_1_21' title="bbox 111 2405 1195 2509; baseline -0.001 -22"><span class='ocrx_word' id='word_1_158' title='bbox 111 2422 220 2504; x_wconf 86' lang='lat' dir='ltr'>perior</span> <span class='ocrx_word' id='word_1_159' title='bbox 241 2419 344 2485; x_wconf 77' lang='grc'>111111</span> <span class='ocrx_word' id='word_1_160' title='bbox 367 2425 432 2498; x_wconf 88' lang='lat' dir='ltr'>est,</span> <span class='ocrx_word' id='word_1_161' title='bbox 464 2420 622 2486; x_wconf 84' lang='lat' dir='ltr'>victorae</span> <span class='ocrx_word' id='word_1_162' title='bbox 645 2419 902 2509; x_wconf 21' lang='lat' dir='ltr'>vindexqexstitit</span> <span class='ocrx_word' id='word_1_163' title='bbox 923 2419 1049 2500; x_wconf 86' lang='lat' dir='ltr'>Jupiter</span> <span class='ocrx_word' id='word_1_164' title='bbox 1074 2405 1195 2486; x_wconf 76' lang='lat' dir='ltr'>eorum¹</span> 
     </span>
     <span class='ocr_line' id='line_1_22' title="bbox 112 2521 1186 2612; baseline -0.003 -23"><span class='ocrx_word' id='word_1_165' title='bbox 112 2525 166 2608; x_wconf 90' lang='lat' dir='ltr'>qui</span> <span class='ocrx_word' id='word_1_166' title='bbox 190 2543 270 2607; x_wconf 84' lang='lat' dir='ltr'>eqs.;</span> <span class='ocrx_word' id='word_1_167' title='bbox 303 2528 353 2588; x_wconf 88' lang='lat' dir='ltr'>est</span> <span class='ocrx_word' id='word_1_168' title='bbox 374 2523 458 2588; x_wconf 90' lang='lat' dir='ltr'>enim</span> <span class='ocrx_word' id='word_1_169' title='bbox 480 2541 518 2588; x_wconf 85' lang='lat' dir='ltr'>ex</span> <span class='ocrx_word' id='word_1_170' title='bbox 541 2527 712 2606; x_wconf 88' lang='lat' dir='ltr'>praecunte</span> <span class='ocrx_word' id='word_1_171' title='bbox 744 2527 863 2612; x_wconf 74' lang='grc' dir='ltr'><strong><em>ἔκρανεν</em></strong></span> <span class='ocrx_word' id='word_1_172' title='bbox 884 2522 961 2600; x_wconf 71' lang='grc' dir='ltr'>Ζεὺς</span> <span class='ocrx_word' id='word_1_173' title='bbox 990 2523 1036 2588; x_wconf 89' lang='lat' dir='ltr'>ita</span> <span class='ocrx_word' id='word_1_174' title='bbox 1057 2521 1186 2588; x_wconf 86' lang='lat' dir='ltr'>elicien-</span> 
     </span>
     <span class='ocr_line' id='line_1_23' title="bbox 113 2624 1188 2714; baseline -0.002 -22"><span class='ocrx_word' id='word_1_175' title='bbox 113 2627 172 2692; x_wconf 90' lang='lat' dir='ltr'>dus</span> <span class='ocrx_word' id='word_1_176' title='bbox 203 2634 255 2706; x_wconf 84' lang='lat' dir='ltr'>ut,</span> <span class='ocrx_word' id='word_1_177' title='bbox 286 2625 388 2692; x_wconf 84' lang='lat' dir='ltr'>verbis</span> <span class='ocrx_word' id='word_1_178' title='bbox 418 2627 470 2693; x_wconf 79' lang='grc' dir='ltr'>οὐκ</span> <span class='ocrx_word' id='word_1_179' title='bbox 499 2631 562 2708; x_wconf 70' lang='grc' dir='ltr'>ἔφα</span> <span class='ocrx_word' id='word_1_180' title='bbox 593 2627 772 2714; x_wconf 72' lang='grc' dir='ltr'>-.11σεβής</span> <span class='ocrx_word' id='word_1_181' title='bbox 800 2627 955 2692; x_wconf 88' lang='lat' dir='ltr'>sermonis</span> <span class='ocrx_word' id='word_1_182' title='bbox 983 2624 1188 2708; x_wconf 84' lang='lat' dir='ltr'>perpetuitati</span> 
     </span>
     <span class='ocr_line' id='line_1_24' title="bbox 113 2729 1188 2812; baseline 0 -18"><span class='ocrx_word' id='word_1_183' title='bbox 113 2731 326 2812; x_wconf 62' lang='lat' dir='ltr'>interpositis</span> <span class='ocrx_word' id='word_1_184' title='bbox 353 2731 385 2794; x_wconf 90' lang='lat' dir='ltr'>in</span> <span class='ocrx_word' id='word_1_185' title='bbox 410 2732 599 2798; x_wconf 87' lang='lat' dir='ltr'>contrariam</span> <span class='ocrx_word' id='word_1_186' title='bbox 622 2737 745 2812; x_wconf 91' lang='lat' dir='ltr'>partem</span> <span class='ocrx_word' id='word_1_187' title='bbox 767 2730 808 2796; x_wconf 89' lang='lat' dir='ltr'>ad</span> <span class='ocrx_word' id='word_1_188' title='bbox 830 2748 869 2796; x_wconf 89' lang='lat' dir='ltr'>ea</span> <span class='ocrx_word' id='word_1_189' title='bbox 891 2747 972 2812; x_wconf 85' lang='lat' dir='ltr'>qrrae</span> <span class='ocrx_word' id='word_1_190' title='bbox 994 2729 1067 2797; x_wconf 90' lang='lat' dir='ltr'>huic</span> <span class='ocrx_word' id='word_1_191' title='bbox 1089 2731 1188 2794; x_wconf 91' lang='lat' dir='ltr'>inter·</span> 
     </span>
     <span class='ocr_line' id='line_1_25' title="bbox 114 2830 1189 2916; baseline -0.001 -18"><span class='ocrx_word' id='word_1_192' title='bbox 114 2833 247 2900; x_wconf 79' lang='lat' dir='ltr'>clusioni</span> <span class='ocrx_word' id='word_1_193' title='bbox 279 2834 470 2898; x_wconf 75' lang='lat' dir='ltr'>antecellunt</span> <span class='ocrx_word' id='word_1_194' title='bbox 498 2839 677 2898; x_wconf 86' lang='lat' dir='ltr'>revertatur</span> <span class='ocrx_word' id='word_1_195' title='bbox 712 2835 828 2898; x_wconf 90' lang='lat' dir='ltr'>oratio:</span> <span class='ocrx_word' id='word_1_196' title='bbox 868 2830 945 2896; x_wconf 76' lang='lat' dir='ltr'>»luit</span> <span class='ocrx_word' id='word_1_197' title='bbox 977 2831 1103 2915; x_wconf 86' lang='lat' dir='ltr'>quidem</span> <span class='ocrx_word' id='word_1_198' title='bbox 1135 2833 1189 2916; x_wconf 90' lang='lat' dir='ltr'>qui</span> 
     </span>
     <span class='ocr_line' id='line_1_26' title="bbox 113 2933 1189 3016; baseline -0.002 -16"><span class='ocrx_word' id='word_1_199' title='bbox 113 2936 275 3002; x_wconf 91' lang='lat' dir='ltr'>hominum</span> <span class='ocrx_word' id='word_1_200' title='bbox 298 2935 414 3000; x_wconf 83' lang='lat' dir='ltr'>delicia</span> <span class='ocrx_word' id='word_1_201' title='bbox 436 2937 512 3000; x_wconf 87' lang='lat' dir='ltr'>deos</span> <span class='ocrx_word' id='word_1_202' title='bbox 541 2953 651 3000; x_wconf 90' lang='lat' dir='ltr'>curare</span> <span class='ocrx_word' id='word_1_203' title='bbox 680 2933 813 3000; x_wconf 87' lang='lat' dir='ltr'>sceleste</span> <span class='ocrx_word' id='word_1_204' title='bbox 836 2941 982 3015; x_wconf 84' lang='lat' dir='ltr'>negarat,</span> <span class='ocrx_word' id='word_1_205' title='bbox 1016 2935 1081 3016; x_wconf 86' lang='lat' dir='ltr'>sed,</span> <span class='ocrx_word' id='word_1_206' title='bbox 1105 2933 1189 3016; x_wconf 89' lang='lat' dir='ltr'>quod</span> 
     </span>
     <span class='ocr_line' id='line_1_27' title="bbox 115 3037 1188 3122; baseline -0.003 -18"><span class='ocrx_word' id='word_1_207' title='bbox 115 3039 241 3122; x_wconf 85' lang='lat' dir='ltr'>quidam</span> <span class='ocrx_word' id='word_1_208' title='bbox 265 3039 304 3103; x_wconf 89' lang='lat' dir='ltr'>ad</span> <span class='ocrx_word' id='word_1_209' title='bbox 327 3041 488 3118; x_wconf 77' lang='lat' dir='ltr'>Troianos</span> <span class='ocrx_word' id='word_1_210' title='bbox 520 3057 611 3107; x_wconf 91' lang='lat' dir='ltr'>secus</span> <span class='ocrx_word' id='word_1_211' title='bbox 641 3057 693 3103; x_wconf 89' lang='lat' dir='ltr'>res</span> <span class='ocrx_word' id='word_1_212' title='bbox 723 3038 864 3104; x_wconf 83' lang='lat' dir='ltr'>cecidit«</span> <span class='ocrx_word' id='word_1_213' title='bbox 909 3037 967 3103; x_wconf 87' lang='lat' dir='ltr'>tali</span> <span class='ocrx_word' id='word_1_214' title='bbox 993 3058 1068 3104; x_wconf 89' lang='lat' dir='ltr'>vero</span> <span class='ocrx_word' id='word_1_215' title='bbox 1095 3037 1188 3102; x_wconf 92' lang='lat' dir='ltr'>modo</span> 
     </span>
     <span class='ocr_line' id='line_1_28' title="bbox 114 3141 1188 3226; baseline -0.004 -18"><span class='ocrx_word' id='word_1_216' title='bbox 114 3145 140 3208; x_wconf 88' lang='lat' dir='ltr'>si</span> <span class='ocrx_word' id='word_1_217' title='bbox 165 3141 390 3211; x_wconf 86' lang='lat' dir='ltr'>conformatam</span> <span class='ocrx_word' id='word_1_218' title='bbox 420 3149 514 3226; x_wconf 88' lang='lat' dir='ltr'>atque</span> <span class='ocrx_word' id='word_1_219' title='bbox 538 3143 807 3226; x_wconf 82' lang='lat' dir='ltr'>circumscriptam</span> <span class='ocrx_word' id='word_1_220' title='bbox 839 3149 982 3206; x_wconf 84' lang='lat' dir='ltr'>tenemus</span> <span class='ocrx_word' id='word_1_221' title='bbox 1005 3142 1188 3218; x_wconf 86' lang='lat' dir='ltr'>orationem,</span> 
     </span>
     <span class='ocr_line' id='line_1_29' title="bbox 114 3245 1190 3328; baseline -0.003 -16"><span class='ocrx_word' id='word_1_222' title='bbox 114 3267 177 3314; x_wconf 93' lang='lat' dir='ltr'>non</span> <span class='ocrx_word' id='word_1_223' title='bbox 200 3247 368 3314; x_wconf 82' lang='lat' dir='ltr'>admodum</span> <span class='ocrx_word' id='word_1_224' title='bbox 393 3246 559 3314; x_wconf 85' lang='lat' dir='ltr'>offensioni</span> <span class='ocrx_word' id='word_1_225' title='bbox 582 3266 652 3314; x_wconf 85' lang='lat' dir='ltr'>esse</span> <span class='ocrx_word' id='word_1_226' title='bbox 676 3251 784 3328; x_wconf 88' lang='lat' dir='ltr'>potest</span> <span class='ocrx_word' id='word_1_227' title='bbox 810 3263 975 3315; x_wconf 88' lang='lat' dir='ltr'>numerum</span> <span class='ocrx_word' id='word_1_228' title='bbox 999 3245 1190 3326; x_wconf 79' lang='lat' dir='ltr'>singularem</span> 
     </span>
     <span class='ocr_line' id='line_1_30' title="bbox 115 3348 1189 3436; baseline -0.007 -14"><span class='ocrx_word' id='word_1_229' title='bbox 115 3351 217 3434; x_wconf 52' lang='lat' dir='ltr'>(zeta)</span> <span class='ocrx_word' id='word_1_230' title='bbox 248 3357 321 3432; x_wconf 63' lang='lat' dir='ltr'>trost</span> <span class='ocrx_word' id='word_1_231' title='bbox 351 3371 380 3418; x_wconf 94' lang='grc'>1.</span> <span class='ocrx_word' id='word_1_232' title='bbox 404 3350 558 3432; x_wconf 87' lang='lat' dir='ltr'>pluralem</span> <span class='ocrx_word' id='word_1_233' title='bbox 590 3348 831 3436; x_wconf 63' lang='grc'>(1110111111.</span> <span class='ocrx_word' id='word_1_234' title='bbox 869 3349 953 3432; x_wconf 90' lang='lat' dir='ltr'>quod</span> <span class='ocrx_word' id='word_1_235' title='bbox 983 3348 1118 3432; x_wconf 85' lang='lat' dir='ltr'>denique</span> <span class='ocrx_word' id='word_1_236' title='bbox 1147 3348 1189 3414; x_wconf 86' lang='lat' dir='ltr'>od</span> 
     </span>
     <span class='ocr_line' id='line_1_31' title="bbox 116 3448 1189 3538; baseline 0.002 -20"><span class='ocrx_word' id='word_1_237' title='bbox 116 3454 271 3538; x_wconf 87' lang='lat' dir='ltr'>reliquam</span> <span class='ocrx_word' id='word_1_238' title='bbox 293 3454 385 3520; x_wconf 88' lang='lat' dir='ltr'>huius</span> <span class='ocrx_word' id='word_1_239' title='bbox 408 3453 557 3533; x_wconf 86' lang='lat' dir='ltr'>strophas</span> <span class='ocrx_word' id='word_1_240' title='bbox 584 3459 719 3535; x_wconf 81' lang='lat' dir='ltr'>partem,</span> <span class='ocrx_word' id='word_1_241' title='bbox 746 3452 843 3520; x_wconf 86' lang='lat' dir='ltr'>verba</span> <span class='ocrx_word' id='word_1_242' title='bbox 871 3452 1019 3534; x_wconf 71' lang='grc' dir='ltr'>φλεόντων</span> <span class='ocrx_word' id='word_1_243' title='bbox 1050 3448 1189 3534; x_wconf 70' lang='grc' dir='ltr'><strong><em>δωμάτων</em></strong></span> 
     </span>
     <span class='ocr_line' id='line_1_32' title="bbox 115 3553 1188 3646; baseline -0.005 -21"><span class='ocrx_word' id='word_1_244' title='bbox 115 3556 252 3646; x_wconf 69' lang='grc' dir='ltr'>ὑπέρφευ</span> <span class='ocrx_word' id='word_1_245' title='bbox 283 3555 315 3620; x_wconf 85' lang='lat' dir='ltr'>id</span> <span class='ocrx_word' id='word_1_246' title='bbox 350 3561 493 3638; x_wconf 87' lang='lat' dir='ltr'>spectare</span> <span class='ocrx_word' id='word_1_247' title='bbox 521 3561 598 3640; x_wconf 86' lang='lat' dir='ltr'>puto</span> <span class='ocrx_word' id='word_1_248' title='bbox 628 3562 664 3622; x_wconf 92' lang='lat' dir='ltr'>ut</span> <span class='ocrx_word' id='word_1_249' title='bbox 695 3573 820 3624; x_wconf 89' lang='lat' dir='ltr'>causam</span> <span class='ocrx_word' id='word_1_250' title='bbox 857 3553 991 3621; x_wconf 82' lang='lat' dir='ltr'>afferant</span> <span class='ocrx_word' id='word_1_251' title='bbox 1024 3575 1078 3622; x_wconf 86' lang='lat' dir='ltr'>cur·</span> <span class='ocrx_word' id='word_1_252' title='bbox 1106 3556 1188 3620; x_wconf 87' lang='lat' dir='ltr'>iusto</span> 
     </span>
     <span class='ocr_line' id='line_1_33' title="bbox 118 3660 1190 3750; baseline 0 -22"><span class='ocrx_word' id='word_1_253' title='bbox 118 3664 270 3730; x_wconf 87' lang='lat' dir='ltr'>maiorem</span> <span class='ocrx_word' id='word_1_254' title='bbox 299 3660 426 3728; x_wconf 89' lang='lat' dir='ltr'>Troiani</span> <span class='ocrx_word' id='word_1_255' title='bbox 448 3660 584 3730; x_wconf 85' lang='lat' dir='ltr'>Martem</span> <span class='ocrx_word' id='word_1_256' title='bbox 612 3660 809 3743; x_wconf 86' lang='lat' dir='ltr'>spiraverint.</span> <span class='ocrx_word' id='word_1_257' title='bbox 839 3661 872 3728; x_wconf 78' lang='grc' dir='ltr'>εὐ</span> <span class='ocrx_word' id='word_1_258' title='bbox 903 3665 1055 3750; x_wconf 69' lang='grc' dir='ltr'>πραπίδων</span> <span class='ocrx_word' id='word_1_259' title='bbox 1081 3666 1190 3743; x_wconf 75' lang='grc' dir='ltr'><strong><em>λαχεῖν</em></strong></span> 
     </span>
     <span class='ocr_line' id='line_1_34' title="bbox 118 3762 1189 3846; baseline 0 -18"><span class='ocrx_word' id='word_1_260' title='bbox 118 3767 149 3830; x_wconf 88' lang='grc'>11</span> <span class='ocrx_word' id='word_1_261' title='bbox 174 3765 307 3832; x_wconf 86' lang='lat' dir='ltr'>candem</span> <span class='ocrx_word' id='word_1_262' title='bbox 331 3765 520 3830; x_wconf 86' lang='lat' dir='ltr'>sententiam</span> <span class='ocrx_word' id='word_1_263' title='bbox 543 3762 761 3844; x_wconf 86' lang='lat' dir='ltr'>accipiendum</span> <span class='ocrx_word' id='word_1_264' title='bbox 784 3767 833 3828; x_wconf 90' lang='lat' dir='ltr'>est</span> <span class='ocrx_word' id='word_1_265' title='bbox 855 3781 917 3846; x_wconf 87' lang='lat' dir='ltr'>qua</span> <span class='ocrx_word' id='word_1_266' title='bbox 939 3764 1090 3846; x_wconf 91' lang='lat' dir='ltr'>scriptum</span> <span class='ocrx_word' id='word_1_267' title='bbox 1112 3762 1189 3846; x_wconf 85' lang='lat' dir='ltr'>legi-</span> 
     </span>
     <span class='ocr_line' id='line_1_35' title="bbox 118 3867 1189 3955; baseline -0.006 -19"><span class='ocrx_word' id='word_1_268' title='bbox 118 3889 187 3936; x_wconf 91' lang='lat' dir='ltr'>mns</span> <span class='ocrx_word' id='word_1_269' title='bbox 210 3868 242 3934; x_wconf 92' lang='lat' dir='ltr'>in</span> <span class='ocrx_word' id='word_1_270' title='bbox 266 3870 397 3934; x_wconf 86' lang='lat' dir='ltr'>Eumen.</span> <span class='ocrx_word' id='word_1_271' title='bbox 420 3888 449 3935; x_wconf 82' lang='lat' dir='ltr'>v.</span> <span class='ocrx_word' id='word_1_272' title='bbox 474 3867 536 3936; x_wconf 81' lang='lat'>526</span> <span class='ocrx_word' id='word_1_273' title='bbox 561 3868 671 3950; x_wconf 70' lang='grc' dir='ltr'>ὑγίειαν</span> <span class='ocrx_word' id='word_1_274' title='bbox 693 3867 806 3955; x_wconf 61' lang='lat' dir='ltr'>cpolin</span> <span class='ocrx_word' id='word_1_275' title='bbox 835 3873 929 3950; x_wconf 81' lang='lat' dir='ltr'>atque</span> <span class='ocrx_word' id='word_1_276' title='bbox 958 3869 1003 3934; x_wconf 89' lang='lat' dir='ltr'>ita</span> <span class='ocrx_word' id='word_1_277' title='bbox 1024 3885 1189 3950; x_wconf 53' lang='lat' dir='ltr'>argomen-</span> 
     </span>
     <span class='ocr_line' id='line_1_36' title="bbox 118 3965 1189 4056; baseline -0.002 -18"><span class='ocrx_word' id='word_1_278' title='bbox 118 3979 203 4039; x_wconf 87' lang='lat' dir='ltr'>tatur</span> <span class='ocrx_word' id='word_1_279' title='bbox 226 3972 356 4038; x_wconf 86' lang='lat' dir='ltr'>chorus:</span> <span class='ocrx_word' id='word_1_280' title='bbox 390 3970 490 4036; x_wconf 84' lang='lat' dir='ltr'>»absit</span> <span class='ocrx_word' id='word_1_281' title='bbox 512 3971 588 4038; x_wconf 89' lang='lat' dir='ltr'>milri</span> <span class='ocrx_word' id='word_1_282' title='bbox 617 3971 711 4056; x_wconf 83' lang='lat' dir='ltr'>igitur</span> <span class='ocrx_word' id='word_1_283' title='bbox 734 3969 859 4046; x_wconf 74' lang='grc' dir='ltr'>πλοῦτος</span> <span class='ocrx_word' id='word_1_284' title='bbox 881 3969 934 4054; x_wconf 89' lang='lat' dir='ltr'>qui</span> <span class='ocrx_word' id='word_1_285' title='bbox 957 3987 1020 4034; x_wconf 93' lang='lat' dir='ltr'>uon</span> <span class='ocrx_word' id='word_1_286' title='bbox 1043 3965 1189 4056; x_wconf 64' lang='grc' dir='ltr'>111νὶπὶΓ</span> 
     </span>
     <span class='ocr_line' id='line_1_37' title="bbox 118 4071 1189 4162; baseline -0.007 -18"><span class='ocrx_word' id='word_1_287' title='bbox 118 4105 227 4156; x_wconf 72' lang='grc' dir='ltr'><strong><em>μαντος</em></strong></span> <span class='ocrx_word' id='word_1_288' title='bbox 247 4076 278 4142; x_wconf 87' lang='lat' dir='ltr'>lu</span> <span class='ocrx_word' id='word_1_289' title='bbox 301 4095 327 4142; x_wconf 85' lang='grc'>1</span> <span class='ocrx_word' id='word_1_290' title='bbox 350 4075 404 4160; x_wconf 88' lang='lat' dir='ltr'>qui</span> <span class='ocrx_word' id='word_1_291' title='bbox 433 4071 512 4162; x_wconf 68' lang='grc' dir='ltr'><strong><em>κόρον</em></strong></span> <span class='ocrx_word' id='word_1_292' title='bbox 540 4074 641 4158; x_wconf 79' lang='lat' dir='ltr'>gignit</span> <span class='ocrx_word' id='word_1_293' title='bbox 669 4077 702 4138; x_wconf 90' lang='lat' dir='ltr'>et</span> <span class='ocrx_word' id='word_1_294' title='bbox 731 4073 833 4162; x_wconf 77' lang='grc' dir='ltr'><strong><em>ὕβριν,</em></strong></span> <span class='ocrx_word' id='word_1_295' title='bbox 867 4072 961 4140; x_wconf 87' lang='lat' dir='ltr'>immo</span> <span class='ocrx_word' id='word_1_296' title='bbox 991 4073 1189 4156; x_wconf 86' lang='lat' dir='ltr'>acquiescere</span> 
     </span>
     <span class='ocr_line' id='line_1_38' title="bbox 121 4174 1190 4260; baseline -0.001 -17"><span class='ocrx_word' id='word_1_297' title='bbox 121 4179 209 4246; x_wconf 84' lang='lat' dir='ltr'>iuuat</span> <span class='ocrx_word' id='word_1_298' title='bbox 230 4180 263 4244; x_wconf 93' lang='lat' dir='ltr'>in</span> <span class='ocrx_word' id='word_1_299' title='bbox 286 4177 497 4246; x_wconf 73' lang='lat' dir='ltr'>aeramentis</span> <span class='ocrx_word' id='word_1_300' title='bbox 531 4176 730 4244; x_wconf 86' lang='lat' dir='ltr'>sanitate-uel</span> <span class='ocrx_word' id='word_1_301' title='bbox 766 4175 848 4260; x_wconf 90' lang='lat' dir='ltr'>quod</span> <span class='ocrx_word' id='word_1_302' title='bbox 875 4174 957 4242; x_wconf 86' lang='lat' dir='ltr'>idem</span> <span class='ocrx_word' id='word_1_303' title='bbox 988 4175 1072 4242; x_wconf 85' lang='lat' dir='ltr'>valet</span> <span class='ocrx_word' id='word_1_304' title='bbox 1093 4211 1136 4222; x_wconf 91' lang='lat'>-—</span> <span class='ocrx_word' id='word_1_305' title='bbox 1159 4176 1190 4242; x_wconf 77' lang='grc' dir='ltr'>ὲν</span> 
     </span>
    </p>
   </div>
   <div class='ocr_carea' id='block_1_3' title="bbox 0 0 1447 4698">
    <p class='ocr_par' dir='ltr' id='par_1_3' title="bbox 0 0 1447 4698">
     <span class='ocr_line' id='line_1_39' title="bbox 0 0 1447 4698; baseline 0 0"><span class='ocrx_word' id='word_1_306' title='bbox 0 0 1447 4698; x_wconf 95' lang='lat' dir='ltr'> </span> 
     </span>
    </p>
   </div>
  </div>
 </body>
</html>
