2856 4698
697 193 995 294 -g..'

258 415 345 494 'unde
375 414 413 480 ab
442 415 554 481 inscita
582 433 676 480 manu
702 413 759 512 tille
784 419 838 504 ,est
860 415 1008 480 extremis
1030 418 1194 496 praeconis
1217 417 1314 482 verbis

262 518 472 600 agglutinatus
495 518 696 588 reiicieudum
719 537 871 586 censeam.
924 519 1045 585 accedit
1068 521 1152 602 quod
1174 527 1206 587 et
1227 541 1315 588 versu

261 623 466 688 antecedente
497 626 559 686 414
590 623 672 688 iusto
703 621 794 688 modo
823 624 885 688 iam
914 621 1033 689 absolvi
1061 608 1224 706 praeconis
1254 643 1316 691 ora

261 725 378 792 tionem
392 725 516 790 et-vel
529 723 616 790 nulla
630 744 738 790 eorum
754 744 834 808 quae
855 725 946 792 modo
966 727 1193 809 disputavimus
1215 727 1317 793 habita

260 828 576 911 ratione—perquam
598 826 668 893 laxe
689 829 847 911 prioribus
870 849 939 896 esse
962 849 1134 910 annexum,
1155 851 1195 897 ne
1219 833 1317 897 dicam

259 952 389 1017 prorsus
410 931 592 1016 languidum
621 934 768 1016 subsequi
797 934 884 999 illum
907 935 945 999 de
969 953 1029 1016 quo
1052 937 1172 1017 egimus
1194 956 1316 1010 versum

259 1040 310 1104 vix
332 1038 496 1121 quisquam
517 1035 644 1102 infitiari
665 1043 778 1126 potest.
824 1043 962 1104 ceterum
988 1041 1065 1105 satis
1088 1046 1137 1105 est
1158 1041 1316 1123 probabile

258 1141 354 1211 nihilo
386 1141 487 1207 secius
516 1159 588 1207 eum
617 1139 823 1224 Aeschyleum
852 1133 920 1207 esse
952 1142 1066 1224 quippe
1095 1163 1133 1208 ex
1161 1143 1222 1208 alia
1245 1163 1316 1226 qua-

258 1247 330 1313 dam
362 1247 429 1328 ejns
460 1244 579 1324 fabula,
608 1251 644 1311 ut
672 1264 797 1312 versum
828 1251 890 1310 514
913 1245 1108 1334 aliquatenus
1138 1247 1315 1328 illustraret,

259 1348 486 1440 depromptum.

360 1451 481 1518 Eodem
509 1451 575 1518 iere
604 1451 697 1516 modo
729 1453 826 1535 ipsius
849 1453 895 1518 rei
916 1453 1106 1534 perversitas
1130 1455 1316 1520 sententiae-

258 1575 318 1638 que
347 1557 572 1622 inconcinnitas
602 1575 726 1622 uersum
753 1560 841 1632 Ι1568
873 1576 892 1620 4
921 1560 1028 1622 nostra
1057 1557 1182 1638 quidem
1213 1557 1316 1624 fabula

258 1660 482 1726 alienissimum
517 1677 647 1741 eamque
684 1661 723 1724 ob
755 1656 880 1725 causam
909 1662 1049 1742 spurium
1084 1660 1221 1728 denotat.
1280 1682 1316 1727 ac

230 1771 231 1776 ’
258 1763 394 1844 primum
417 1761 541 1844 quidem
566 1761 800 1828 Schneidewino
823 1763 854 1826 in
877 1762 922 1827 eis
952 1781 1140 1846 magnopere
1163 1765 1318 1829 assentior

146 1907 151 1914 -
258 1883 337 1947 quae
367 1865 406 1931 de
434 1883 579 1932 versuum
611 1869 820 1930 loti-1570
850 1866 1065 1932 emendatione
1087 1866 1120 1930 in
1143 1867 1316 1949 appendice

225 2023 227 2028 .
256 1968 387 2052 protulit
412 1986 442 2051 p.
472 1973 547 2048 247,
577 1975 707 2052 excepto
738 1974 844 2035 tamen
872 1969 955 2052 quod
984 1987 1093 2035 versus
1111 1969 1182 2034 iste
1204 1988 1316 2051 parum

256 2073 390 2139 habebat
411 2075 494 2154 apud
510 2093 584 2144 euin
598 2072 786 2140 offensionis.
830 2073 1005 2140 Plisthenes
1022 2075 1113 2156 enim,
1137 2080 1173 2140 ut
1187 2063 1315 2141 Tuetzes

256 2176 400 2264 (Exeges.
422 2177 454 2241 in
476 2176 511 2241 il.
533 2196 563 2259 p.
580 2181 629 2258 68,
653 2181 708 2256 203
733 2177 803 2243 vide
817 2177 948 2242 Hesiodi
962 2175 1018 2260 frg.
1038 2182 1095 2242 105
1121 2178 1167 2242 ed.
1185 2177 1316 2266 Goettl.)

255 2282 423 2348 memoriae
444 2281 589 2364 prodidit,
613 2283 683 2349 καθ’
717 2279 845 2352 Ἡσίοδον
876 2283 926 2348 καὶ
956 2282 1113 2366 Αἰσχὺλοο
1136 2283 1187 2348 καὶ
1207 2283 1315 2358 ἄλλους

254 2387 334 2462 riade
363 2387 492 2473 Ἀτρέως
517 2383 600 2452 filius
623 2391 709 2466 erat,
740 2389 941 2464 Πλεισθένους
972 2392 1002 2453 δὲ
1029 2387 1230 2469 Ἀγαμέμνων
1262 2389 1315 2454 καὶ

255 2496 413 2566 Μενέλαος,
436 2490 488 2572 qui
510 2497 573 2558 νέου
596 2493 795 2575 Πλεισθένους
811 2491 1033 2580 τελευτήσαντος
1046 2489 1103 2558 ὑπὸ
1121 2487 1172 2558 ποῖ
1186 2489 1317 2558 ποίπποο

267 2600 382 2682 Ατρέωο
414 2596 632 2684 οἱνοιπραφέοπες
661 2597 812 2684 Ἀτρεῖδαι
848 2602 967 2672 πολλοῖς
999 2591 1172 2681 ἐνομίζοντο.
1232 2595 1318 2661 valet

252 2697 347 2780 igitur
369 2698 618 2782 patronymicum
640 2703 850 2770 Πλεισθενιδαι
874 2719 934 2782 quo
957 2697 1129 2782 Aeschylus
1152 2699 1183 2764 in
1205 2704 1317 2765 nostra

252 2799 358 2868 fabula
379 2821 454 2867 usus
478 2807 525 2868 est
546 2821 574 2866 v.
600 2807 680 2868 1536
703 2803 787 2868 idem
810 2803 893 2885 quod
913 2807 1061 2892 Ἀτρεῖδαι
1084 2808 1178 2884 atque
1201 2801 1314 2868 eadem

252 2905 373 2971 ratione
404 2903 533 2970 Orestes
564 2907 705 2988 βασιλεὺς
734 2911 945 2994 Hieroboam
973 2905 1148 2990 appellatur
1177 2905 1316 2972 astasi-

254 3010 348 3074 choro
369 3007 428 3090 frg.
452 3013 492 3074 42
516 3009 563 3075 ed.
585 3009 703 3091 Brgk..
719 3009 792 3075 inde
816 3007 947 3076 efficitur
969 3015 1076 3076 nostro
1100 3027 1222 3091 quoque
1244 3008 1315 3076 loco

252 3114 355 3180 verbis
385 3111 445 3181 πᾶν
475 3113 509 3186 ri
541 3117 742 3191 Πλεισθένους
773 3121 853 3197 γένος
883 3115 947 3180 nob
979 3115 1156 3180 universam
1188 3112 1316 3196 Pelopis

252 3218 388 3299 domum,
410 3218 467 3284 sed
489 3219 578 3285 Atrei
601 3219 697 3284 solius
718 3219 900 3303 progeniem
923 3217 1125 3301 significari·
1151 3219 1214 3283 iam
1237 3236 1315 3284 vero

251 3323 405 3405 quomodo
428 3321 625 3388 manifestam
647 3340 727 3403 quae
742 3322 814 3388 inde
838 3323 960 3388 exsistit
981 3319 1197 3388 difficultatem
1220 3339 1316 3404 expe-

251 3425 318 3492 dire
339 3426 443 3509 placet
463 3424 712 3508 interpretibus?
759 3444 884 3492 versum
909 3429 990 3490 1570
1013 3424 1102 3503 οὕτως
1124 3427 1182 3512 (sic
1203 3425 1314 3510 vulg03

250 3529 366 3596 rectius
394 3548 465 3601 cum
495 3527 664 3596 Schneidw.
693 3527 787 3618 dpalr’)
817 3532 941 3599 ildrico
964 3530 1023 3599 mla
1044 3531 1082 3599 ri
1110 3532 1317 3607 Πλεισθένους

250 3641 332 3714 γένος
364 3633 408 3698 ita
441 3632 586 3716 subiungi
618 3633 774 3715 prioribus
805 3633 908 3700 verbis
935 3632 1093 3704 affirmant
1115 3633 1313 3712 adnotantes,

250 3743 286 3801 ut
308 3737 484 3803 accuratius
506 3754 545 3802 ea
566 3735 760 3803 definiantur.
794 3738 947 3804 eiusmodi
961 3737 1058 3822 igitur
1071 3739 1220 3820 aucupari
1232 3755 1313 3820 opus

250 3845 299 3906 est
320 3836 479 3905 latebram.
533 3845 567 3905 44
595 3845 720 3922 poetam
742 3842 853 3908 ideone
876 3839 956 3906 falsa
976 3839 1190 3924 praemisisse,
1221 3845 1256 3905 ut
1279 3841 1314 3904 in

249 3943 450 4026 sequentibus
473 3943 642 4010 substituat
663 3943 758 4010 vera?
809 3949 901 4027 etque
932 3943 1095 4025 scripsisse
1126 3961 1197 4008 eum
1225 3944 1314 4025 quic-

249 4065 341 4130 quam
364 4047 464 4131 quod,
499 4048 525 4113 si
559 4047 753 4132 scripsisset,
788 4050 820 4112 et
853 4048 951 4129 ipsius
985 4047 1146 4112 consdium
1182 4048 1313 4112 omniuo

250 4157 446 4221 converteret
473 4171 510 4218 ac
537 4152 738 4236 detorqueret
768 4157 800 4218 et
821 4149 1015 4219 audientium
1038 4153 1158 4221 animos
1180 4151 1212 4218 iu
1236 4171 1313 4218 cou-
