2856 4698
687 303 902 370 ..1ss-

261 494 302 583 τῷ
324 489 356 562 εὖ
379 496 530 582 πραπίδων
552 495 689 573 tapeta«
735 489 819 554 unde
842 491 918 556 satis
941 489 1045 558 elucet
1066 493 1192 576 egregie
1222 514 1326 562 errare

261 598 370 680 quiin
392 599 554 684 adsaporato
569 593 791 675 comprehendi
805 601 918 677 putent
940 602 994 679 ηρά
1017 603 1162 687 ἐπαρκεῖν.
1187 605 1326 666 ceterum

259 701 392 768 eandem
413 679 601 768 sententiam
622 699 710 765 locus
734 699 861 782 quidam
882 702 1083 786 persequitur
1105 703 1324 785 Tbeognideus

259 823 353 888 quem
376 805 450 887 quin
472 803 650 869 illustrandi
680 821 775 868 causa
800 803 862 869 huc
892 803 1059 872 adiicerem
1081 797 1248 873 abstinere¹
1262 827 1325 873 non

259 907 698 993 potui(vv.1171-r1175):
756 953 758 960 .

415 1063 548 1148 γνώμην,
571 1058 679 1150 Κύρνε,
702 1064 769 1130 θεοί
791 1065 921 1146 &moda
943 1064 1066 1136 sitalco
1087 1066 1202 1154 ἄριστον

465 1167 639 1253 ἀνθρώποις·
663 1160 763 1252 γνώμη
784 1172 911 1254 πείρατα
932 1167 1043 1244 παντὸς
1064 1171 1142 1252 ἔχει.

413 1268 435 1334 ui
457 1264 571 1355 μάκαρ,
604 1265 679 1344 δ’ςτνς
700 1269 734 1354 δη
753 1297 804 1350 μιν
826 1274 895 1351 ἔχει
917 1275 1028 1358 Φρεσίν,
1050 1266 1067 1357 ἣ
1089 1270 1166 1340 πολὺ
1190 1277 1325 1360 αρείσσοα

463 1371 559 1460 δβρνος
581 1374 738 1458 οὐλομένης
760 1380 920 1454 λευγαλέον
942 1401 976 1441 τε
998 1374 1088 1461 κόρον.

258 1531 352 1608 atque
375 1524 515 1590 eiusdem
537 1525 584 1590 rei
606 1529 717 1590 auctor
744 1529 793 1589 est
815 1523 942 1607 Sappho
964 1525 1075 1609 (schol.
1096 1525 1185 1592 Pind.
1210 1526 1257 1594 Ol.
1280 1527 1321 1607 Π,
1415 1567 1417 1634 ρ

257 1635 314 1696 96;
336 1629 395 1712 frg.
421 1631 491 1714 80),
515 1627 673 1703 νὀτλνῧτος
696 1628 764 1694 ἄνευ
783 1625 836 1702 τᾶς
858 1631 964 1716 ἐρέτας
985 1631 1036 1698 οὐκ
1057 1631 1155 1718 οἱσίνης
1177 1631 1322 1718 riporum,
1416 1641 1417 1722 l

257 1733 369 1818 quibus
392 1731 554 1813 aptissime
576 1729 616 1795 ad
638 1735 781 1795 nostrum
803 1729 907 1796 locum
929 1731 1007 1797 haec
1029 1731 1117 1797 addit
1140 1731 1322 1798 scholiasta:
1416 1733 1417 1810 i

256 1838 275 1923 ἡ
297 1836 361 1912 δ’ἐξ
380 1839 555 1922 ἀμφοτέρων
577 1831 676 1921 spaera
698 1833 878 1915 εὐδαιμονίας
902 1838 971 1918 ἔχεν
992 1835 1026 1902 τὸ
1049 1836 1146 1923 ἄκρον.

359 1939 408 2004 De
429 1957 477 2004 vv.
502 1940 670 2002 ses—395
701 1937 870 2002 novissime
902 1938 967 2019 egit
996 1936 1179 2004 Dindorfius
1202 1938 1234 2003 in
1257 1938 1323 2003 edi-

253 2046 347 2112 tionis
377 2042 474 2125 praei.
506 2062 535 2125 p.
568 2039 662 2108 LXV.
694 2047 789 2125 atque
819 2043 894 2122 ipsa,
920 2039 1067 2125 Aeschyli
1095 2041 1192 2108 verba
1219 2043 1256 2109 η1
1281 2043 1320 2106 ρ),
1416 2039 1417 2068 ν

254 2147 433 2232 repperisse
455 2145 516 2212 sibi
537 2145 623 2210 visus
652 2148 702 2210 est
732 2144 916 2210 scribendo=
948 2145 1068 2233 αάρεονν
1099 2147 1184 2229 arpi,-
1210 2148 1323 2230 ἀτίμους

254 2252 404 2338 ἀλοιδόρους
437 2251 540 2336 darom
579 2250 738 2334 ἀφημένων
768 2252 835 2315 ἰδεῖν
864 2249 949 2329 quod
984 2251 1095 2316 merito
1134 2269 1246 2316 vereor
1280 2267 1321 2314 ne

254 2371 367 2435 parum
388 2354 421 2418 in
444 2371 478 2418 se
500 2352 616 2418 habeat
637 2349 923 2417 commendationis.
960 2353 1108 2418 nimirum
1130 2353 1241 2419 reiecit
1257 2351 1320 2433 ille,

254 2463 290 2523 ut
310 2456 377 2523 lere
400 2455 529 2537 assolet,
553 2455 727 2520 Hermanni
750 2455 1015 2534 emendationem,
1037 2457 1069 2522 in
1091 2475 1154 2538 qua
1170 2457 1244 2522 dum
1261 2474 1321 2538 pro

241 2564 372 2645 ἀτίμους
393 2560 550 2643 receperis
572 2561 712 2650 ἀληοννυς
734 2559 818 2642 quod
840 2559 909 2640 lpse
931 2559 1132 2626 Hermannus
1150 2562 1224 2626 olim
1247 2576 1321 2626 con-

251 2665 382 2743 iecerat,
407 2682 471 2729 non
497 2661 588 2728 video
618 2662 693 2746 quid
723 2663 828 2726 minus
858 2661 984 2728 criticae
1011 2662 1135 2746 legibus
1163 2673 1323 2749 repugnet

253 2772 307 2834 aut
329 2767 405 2850 quid
428 2765 532 2850 aptius
556 2765 730 2832 sententiae
753 2764 923 2847 excogitari
945 2768 1059 2847 possit:

502 2919 623 3008 τοὶρεστι
644 2919 730 3002 capric
752 2920 896 3008 ἀληστονς
917 2923 1078 3010 ἀλοιδόρους

501 3025 631 3107 affixio?
655 3024 824 3108 ἀφειμένων
846 3028 921 3092 rista.

252 3199 344 3248 »ecce
376 3180 451 3245 dmn
480 3179 663 3261 turpissime
696 3178 894 3245 desertorum
919 3177 1066 3264 (Menelai
1088 3181 1254 3268 imprimis)
1277 3185 1318 3250 si-

249 3285 346 3352 lentia
375 3303 438 3350 non
470 3282 621 3350 obliviosa
652 3283 774 3365 (raptae
804 3282 896 3348 videl.
928 3283 1049 3368 uxoris)
1078 3302 1181 3368 neque
1211 3289 1318 3354 tamen

249 3387 430 3456 maledica«
476 3385 603 3452 minime
626 3386 710 3451 enim
730 3391 820 3452 vates
852 3385 1041 3454 domesticos
1064 3386 1155 3454 decet
1177 3408 1213 3456 ea
1236 3409 1317 3474 quae
1412 3475 1413 3478 Ἴ

248 3489 401 3557 vocabulo
424 3491 544 3570 ἀτίμους
567 3487 743 3554 continetur
764 3488 936 3556 acerbitate
963 3493 1090 3574 tamque
1116 3509 1246 3574 prorsus
1268 3495 1316 3558 in-

250 3594 346 3677 digna
367 3592 514 3659 libertate
536 3591 641 3658 invehi
663 3590 696 3656 in
718 3609 824 3674 regern
848 3591 1077 3682 dominumque.

352 3697 442 3765 'Sicut
462 3697 522 3764 hoc
551 3697 635 3777 loco,
667 3698 711 3762 ita
733 3717 761 3764 v.
784 3703 846 3764 425
878 3719 1001 3784 quoque
1029 3701 1147 3769 tuenda
1175 3708 1208 3769 et
1237 3703 1315 3770 reei-
1411 3707 1412 3774 l

248 3801 363 3885 pienda
385 3801 461 3866 mihi
483 3801 629 3868 videntur
660 3820 740 3884 quae
771 3801 899 3869 inventa
920 3823 940 3870 a
961 3825 996 3870 se
1018 3803 1217 3872 Hermannus
1246 3807 1314 3889 ipse

247 3907 372 3974 reiecitz
395 3911 542 3996 ἔμμορφον
564 3901 662 3990 igitur
684 3907 768 3989 quod
791 3925 830 3972 ex
844 3906 943 3974 Paleii
965 3909 1229 3992 interpretatione
1252 3929 1314 3995 qua

246 4009 413 4079 lectionem
447 4013 474 4080 is
503 4010 666 4097 vulgarem
702 4011 842 4100 εὔμορφον
877 4009 1027 4078 illustrari
1062 4031 1156 4096 posse
1185 4019 1313 4099 putaret

249 4115 390 4201 »integro
413 4135 552 4202 corpore,
575 4135 639 4183 non
662 4113 848 4197 combusti«,
871 4121 984 4197 poetae
1000 4116 1200 4185 scribendum
1214 4118 1312 4185 luisse

243 4220 295 4288 ille
316 4223 463 4304 adnotat,
494 4222 569 4288 dum
599 4222 667 4306 ipse
690 4223 801 4286 contra
828 4217 980 4287 librorum
1009 4220 1210 4304 amplectitur
1239 4239 1311 4286 auc-
