2856 4698
656 259 854 330 ..18-

232 451 393 524 liendebar
422 491 466 501 -
494 451 568 534 ἐμοῦ
599 451 682 516 enim
716 449 834 516 assumi
864 447 994 540 jubetur
1023 485 1065 498 -
1093 453 1149 516 aut
1183 449 1302 532 Engeri

233 557 493 642 interpretatione
516 573 578 638 qua
600 573 666 620 voc.
690 561 875 638 λελημμένης
896 553 937 618 ad
949 559 1029 640 δέρης
1044 551 1179 620 relatum
1197 553 1301 620 verbis

232 660 415 744 exprimitur
447 657 537 724 »colli
567 656 702 739 correpti
724 656 753 721 h.
778 675 803 723 e.
829 653 1025 738 constricti«,
1066 673 1190 723 omnem
1221 674 1302 740 quae
1420 705 1421 708 ,

229 765 282 830 bic
316 767 418 830 exstat
451 759 667 826 difficultatem
698 759 877 843 expeditam
906 763 1001 842 atque
1030 759 1124 826 istam
1151 758 1302 826 librorum

231 867 417 952 scripturam
440 865 517 931 satis
548 868 755 929 sustentatam
785 863 952 930 existimas.
979 863 1073 929 immo
1101 863 1301 966 participium
1421 919 1422 948 p

236 970 449 1054 quaerendum
471 967 596 1033 videtur
619 966 702 1049 quod
725 972 758 1033 et
779 971 853 1051 apte
876 985 946 1033 oum
968 965 1041 1055 epia
1054 970 1123 1051 βίαν
1140 973 1301 1034 construa-

231 1079 284 1140 tur
306 1080 338 1139 et
360 1071 583 1156 elegantiorem
604 1070 651 1135 ita
671 1069 788 1154 prodat
809 1069 1013 1150 sententiam,
1042 1069 1076 1136 id
1106 1069 1189 1154 quod
1217 1071 1302 1154 equi·

233 1179 305 1246 dem
326 1173 503 1260 perpetrari
525 1180 601 1257 puto
625 1172 790 1242 scribendo
896 1175 899 1182 '

439 1365 552 1440 πολιὰς
573 1363 691 1432 ἄνωθεν
712 1363 840 1451 ἀρτάνας
860 1361 934 1445 istit
956 1367 1036 1450 δέρης

415 1471 545 1565 ,ἔλυσαν
565 1471 651 1537 ἄλλοι
674 1467 747 1555 πρὸς
768 1469 840 1549 βίαν
861 1467 1013 1554 dimili

233 1677 294 1742 qua
314 1659 348 1724 in
370 1659 526 1740 scriptura
554 1658 620 1726 sive
651 1656 692 1725 od
714 1656 785 1744 tsi.-
809 1662 889 1746 δέρης
910 1656 976 1724 sive
998 1654 1040 1724 ad
1062 1655 1135 1739 ἐμοῦ
1158 1653 1242 1739 quod
1263 1672 1301 1720 ex

232 1763 417 1846 pronomine
438 1759 617 1844 possessivo
641 1761 712 1827 elici
732 1766 839 1844 potest
860 1760 958 1827 verba
973 1759 1046 1849 πρὸς
1067 1760 1301 1845 plastentiam

233 1864 354 1932 referre
376 1864 491 1944 mavis,
522 1868 614 1930 acute
637 1881 714 1932 sane
737 1881 775 1931 ac
797 1862 954 1930 subtiliter
977 1862 1060 1929 dicto
1083 1880 1120 1928 eo
1141 1862 1301 1928 invenien-

233 1974 299 2049 tur;
328 1987 401 2034 nam
423 1973 551 2051 praeter
574 1967 832 2036 consuetudinem
854 1971 948 2052 atque
972 1966 1149 2050 opinionem
1171 1980 1302 2032 revera

232 2072 283 2138 hic
305 2070 341 2137 fit
363 2077 399 2138 ut
419 2071 534 2138 invitus
556 2069 669 2154 aliquis
691 2071 867 2138 dimittatur
888 2071 1027 2138 solvatur
1048 2069 1208 2138 liberetur.
1322 2053 1339 2083 ⁰

337 2173 387 2240 Ad
428 2173 655 2241 emendandam
690 2174 811 2241 stasimi
845 2173 898 2238 1v.
936 2173 1097 2257 stropham
1133 2172 1302 2242 secundam

234 2277 317 2361 quod
340 2276 622 2344 Rauchensteinius
646 2277 781 2343 correxit
803 2275 972 2360 sinopensis
992 2294 1051 2362 pro
1074 2274 1156 2362 vulg.
1171 2273 1302 2360 νινμννὲἶς

233 2377 424 2463 permultum
452 2378 550 2446 habet
578 2377 865 2445 commendationis.
897 2387 1063 2461 praeterea
1088 2378 1157 2462 ipsa
1179 2385 1301 2446 senten-

233 2483 348 2548 tiarum
373 2481 603 2565 verborumque
630 2488 787 2549 atmetura
816 2481 850 2549 id
879 2479 963 2550 effici
983 2481 1106 2549 videtur
1134 2487 1170 2547 ut
1199 2482 1232 2547 in
1254 2498 1301 2550 se·
1424 2549 1425 2552 ,

236 2585 404 2668 quentibus
426 2587 467 2669 (v.
492 2586 568 2669 979)
591 2583 689 2654 soluti
716 2587 779 2653 τ’ἅν
800 2585 833 2651 in
856 2587 953 2652 πολιὰ
976 2583 1043 2652 δἀὖ
1062 2584 1301 2669 (immo-potius)

232 2687 459 2755 immutandum
496 2689 544 2754 sit
571 2725 615 2738 -
643 2687 724 2756 Item
753 2707 781 2755 u
815 2687 898 2755 1400
933 2687 1108 2770 expeditior
1142 2688 1301 2772 magisque

232 2791 391 2875 profluens
421 2789 525 2858 evadit
556 2792 623 2858 siue
654 2790 748 2858 dubio
778 2792 890 2873 oratio,
920 2792 946 2860 si
974 2787 1075 2860 δι’νῦ
1105 2791 1302 2858 substituitur

231 2912 290 2977 pro
313 2893 464 2958 librorum
487 2892 643 2975 scriptura
665 2901 760 2960 κνΐννν
783 2911 863 2976 quae
885 2893 948 2959 iam
969 2892 1041 2959 ideo
1062 2893 1130 2958 vitii
1157 2891 1301 2978 suspitio-

232 3013 305 3062 nem
338 3012 465 3061 movore
497 2994 646 3075 debebat,
676 2995 760 3080 quod
782 2995 883 3063 omnis
911 2995 1001 3062 deest
1029 2994 1113 3062 inter
1138 3000 1301 3077 utramque

234 3098 422 3166 sententiam
445 3099 600 3180 copulatio
623 3099 848 3180 senensibus,
880 3098 941 3166 nisi
962 3097 1045 3166 sorte
1072 3104 1145 3166 ante
1167 3118 1195 3164 v.
1218 3099 1301 3164 1400

234 3200 329 3267 alium
351 3200 516 3268 arbitraris
539 3200 692 3269 excidisse
715 3221 850 3270 versum.
895 3202 979 3284 quod
1006 3207 1111 3270 autem
1135 3219 1205 3269 cum
1228 3198 1302 3268 mihi

232 3302 464 3387 reprobandum
486 3302 663 3382 videretur,
690 3303 820 3370 minutis
843 3301 962 3387 aliquot
983 3303 1206 3370 mutationibus
1228 3319 1302 3369 usus

233 3414 334 3475 totum
357 3405 461 3475 locum
482 3407 578 3474 talem
599 3407 631 3473 in
654 3403 782 3472 modum
805 3405 1030 3474 transformare
1053 3407 1151 3475 satius
1174 3405 1259 3473 duxi:

268 3559 276 3570 ‘
389 3537 470 3622 οὗτος
491 3546 548 3634 γὰρ
575 3542 645 3634 ἡμῖν
666 3545 756 3620 ἀσπὶς
779 3546 812 3613 οὐ
833 3545 924 3634 μικροὶ
946 3545 1085 3634 θράσους·

390 3645 500 3725 idai,
523 3650 658 3731 γυναικὸς
679 3648 762 3735 τῆςδε
785 3649 984 3740 λυμαντῇρως,
1098 3645 1106 3652 ”

390 3755 556 3842 Χρυσηΐδαν
577 3762 723 3838 μείλιγμα
745 3752 803 3820 τῶν
825 3753 872 3822 ὑπ’
895 3756 984 3841 Ἰλίῳ,

390 3856 407 3946 ἦ
430 3859 454 3924 ν’
479 3859 676 3943 αἰχμάλωτος
699 3857 748 3938 ἥδε
771 3863 825 3941 repta*
847 3860 1025 3946 τερασκόπος

391 3975 444 4042 etsi
468 3964 662 4052 κοινὸλεκτρος
683 3961 766 4030 rodis
788 3964 1017 4048 θεσφατηλόγος
1130 3949 1133 3958 ⁴

389 4065 478 4153 πιστὴ
501 4067 643 4145 fossores,
665 4070 805 4136 amciter
829 4069 860 4135 δὲ
883 4065 1038 4148 σελμάτων

389 4172 532 4262 ι’σοτριβής
554 4209 598 4222 -
619 4173 714 4256 irre&
737 4173 762 4253 γ’
787 4170 840 4240 οὐκ
862 4169 1042 4260 ἐπραξάτην·
