2856 4698
660 293 874 364 ...26-

238 474 365 565 ’Epsvo‘e3
400 477 432 542 in
454 477 563 560 Agam.
593 485 653 546 739
671 483 752 566 ’Άτη
781 493 921 565 μέλαιναι
950 505 1007 569 pro
1030 489 1060 553 δὲ
1089 490 1141 554 καί
1167 488 1303 555 certissi-
1426 569 1427 572 Ἴ

238 601 324 648 νοντα
346 584 462 665 recipio
485 583 618 652 Buttleri
641 589 889 657 emendationem
913 597 991 677 δίκην
1013 593 1077 657 sive
1091 593 1194 676 potius
1211 598 1302 660 δίναν.
1335 663 1336 670 ,

241 685 303 750 iam
325 684 391 752 ὅποι
413 687 437 752 si
460 687 656 754 retinendum
687 711 810 771 censae,
838 713 896 776 pro
924 713 960 760 ea
992 713 1083 777 quam
1110 697 1202 762 modo
1231 696 1304 763 dedi

135 885 138 889 .
241 789 496 870 interpretatione
519 792 605 856 verbi
627 797 679 873 βιοί
694 791 786 862 ἐσθαι
811 796 855 862 ita
878 798 1024 880 explicari
1052 803 1170 880 potest:
1208 807 1305 882 μέλας

236 893 329 978 Ἤρης
362 895 414 976 {ispa
451 891 596 972 ἐπάγεται
630 897 740 964 ἐνθάδε
769 901 811 982 (h.
842 919 867 964 e.
897 899 928 964 in
957 901 1150 981 Atridarum,
1186 901 1219 966 in
1253 901 1303 967 his

241 993 436 1075 potissimum
450 996 482 1059 in
495 999 736 1078 Agamemnonis
750 1001 897 1086 domurn),
915 1001 979 1070 ίποι
992 1007 1154 1090 προβαίνων
1168 1009 1301 1072 δίκαν-
1363 1055 1364 1060 1

243 1099 370 1185 παρέξει.
394 1104 427 1162 at
449 1097 477 1164 si
498 1098 580 1166 forte
603 1103 755 1186 quispiam
783 1103 992 1171 offenderetur
1014 1108 1179 1172 verborum
1208 1109 1302 1174 collo-

243 1201 362 1298 catione
385 1199 449 1268 ’όποι
472 1208 553 1269 δίναν
575 1209 736 1292 προβαίνων
759 1211 893 1295 παρέξει,
917 1215 952 1272 ut
973 1209 1050 1274 haec
1073 1229 1194 1292 quoque
1213 1229 1304 1292 prae·
1426 1273 1427 1278 ,

241 1309 417 1369 verteretur
444 1303 589 1388 offensio,
621 1309 664 1374 nil
695 1318 873 1394 superesset
902 1311 962 1378 nisi
990 1317 1025 1376 ut
1054 1311 1119 1403 ὅποι
1146 1332 1225 1396 quae
1254 1321 1304 1381 est
1426 1321 1427 1324 ’

241 1406 392 1472 librorum
414 1406 506 1473 lectio
526 1409 558 1475 in
581 1410 658 1488 ὅπως
682 1419 855 1480 mutaretur
878 1434 937 1497 quo
961 1413 1044 1482 facto
1060 1416 1140 1482 hanc
1156 1417 1306 1498 proderet

243 1509 330 1574 locus
358 1511 557 1578 sententiam:
590 1517 830 1598 »consanguinei
860 1518 977 1584 cruoris
1000 1517 1177 1601 profusione
1200 1521 1230 1586 vi
1252 1541 1305 1588 ac-

244 1612 375 1677 cersitur
397 1613 483 1680 Mars
506 1623 582 1698 ater,
605 1625 844 1703 ut-tanquam
861 1624 1305 1712 Διανςπρὸααχοα-ρτοςτθ-

244 1716 331 1782 diens
358 1719 533 1806 (προβαίνων
555 1721 697 1788 absolute
725 1724 862 1805 positum
895 1726 1004 1792 eadem
1033 1728 1063 1789 vi
1091 1728 1208 1793 dictum
1236 1735 1304 1793 tum

243 1818 485 1900 intellegendum
522 1829 605 1889 esset
642 1831 735 1906 atque
768 1825 935 1892 Homerica
967 1827 1021 1894 illa
1053 1827 1116 1895 ὦκα
1143 1829 1305 1917 προβιβῶν,

245 1925 370 2010 κραιπναί
400 1941 423 1988 s.
454 1923 552 2008 κοῦφα
581 1930 739 2014 προβιβάς)
771 1930 835 1994 rori
862 1931 1003 1996 nativoro
1032 1932 1183 2012 praebeat
1213 1933 1305 1998 urio-

243 2046 343 2092 nem«
368 2028 423 2092 sed
446 2035 672 2113 utrumcunque
694 2039 855 2113 praestare
875 2035 1043 2115 videbitur,
1071 2037 1155 2102 nullo
1179 2037 1306 2119 quidem

120 2153 126 2166 ³
244 2139 337 2213 paeto
359 2132 455 2198 verba
478 2133 542 2202 ’ίποι
565 2141 646 2204 δίναν
668 2176 709 2188 -
733 2139 852 2226 παρέξει
874 2140 906 2204 in
929 2159 997 2206 eam
1020 2142 1205 2207 sententiam
1220 2140 1308 2208 dicta

246 2235 346 2316 accipi
366 2243 512 2318 possunt,
536 2244 571 2302 ut
592 2245 753 2306 vertantur
769 2260 885 2324 »usque
909 2263 945 2308 eo
967 2245 1181 2327 progrediens,
1206 2245 1307 2311 donec
1381 2330 1382 2339 ἵ

247 2379 288 2390 -
310 2358 443 2422 poenam
467 2342 648 2424 sumserit-<3
670 2345 732 2411 huc
753 2352 857 2412 autem
880 2365 917 2412 ea
940 2349 1071 2413 detorsit
1093 2349 1244 2430 Engorus.

350 2443 406 2508 Vv.
433 2449 658 2511 rust-1582:

452 2553 487 2618 or)
510 2552 622 2640 δὀἳνδρα
644 2555 723 2622 odada
746 2555 805 2644 φῂς
829 2555 905 2621 droia
928 2561 1129 2630 κατακτανεῖν,

453 2656 536 2736 μόνος
559 2658 717 2724 δ’ἐποικτον
739 2657 818 2724 τόνδε
841 2656 993 2739 βουλεῦσαι
1016 2657 1113 2739 φόνον.

248 2759 300 2840 qui
322 2759 361 2822 de
383 2760 579 2840 apertissima
601 2760 766 2826 verborum
789 2764 864 2828 sado
877 2769 1068 2830 κατακτανεῖν
1083 2759 1310 2843 significatione
1426 2791 1427 2822 ι

249 2880 328 2943 quae
358 2867 406 2926 est
436 2863 596 2927 »consulto
627 2869 658 2927 et
681 2864 720 2928 de
748 2863 901 2930 industria
930 2865 1057 2930 caedem
1085 2871 1308 2944 perpetrasse«
1426 2855 1427 2906 Ὗ

247 2970 370 3031 tanturn
392 2965 467 3032 velit
490 2966 666 3046 detrahere,
697 2972 732 3032 ut
759 2967 801 3032 nil
830 2969 954 3034 valeant
983 2968 1043 3033 nisi
1066 2967 1190 3032 »dedita
1213 2989 1310 3051 opera

250 3071 377 3138 caedem
400 3071 572 3152 cogitasse«
597 3071 852 3155 [»geflissentlioh
883 3071 993 3137 darauf
1017 3089 1173 3153 gesonnen
1196 3071 1309 3152 haben,
1426 3139 1427 3166 ρ

250 3174 363 3240 darauf
388 3175 524 3242 bedacht
552 3193 693 3258 genesen
724 3177 808 3240 sein«
836 3175 1057 3261 Schneidew.]‚
1087 3176 1113 3242 is
1142 3193 1216 3240 num
1245 3175 1311 3241 oui·
1426 3171 1427 3188 ¹

250 3298 342 3363 quarn
364 3279 445 3345 hanc
466 3277 692 3360 interpretandi
713 3279 866 3344 rationem
881 3276 981 3358 possit
994 3279 1127 3368 probare
1140 3277 1310 3344 admodum

250 3383 375 3449 dubito:
398 3381 429 3447 id
456 3382 550 3465 igitur
578 3381 637 3446 sibi
666 3380 795 3462 quisque
820 3381 942 3448 habeat.
978 3383 1034 3449 sed
1062 3401 1170 3448 versus
1200 3381 1312 3447 subse·
1426 3399 1427 3414 ¹

251 3486 372 3569 quentis
401 3486 496 3552 verba
530 3487 616 3567 μόνος
649 3487 807 3552 δ’ἒπνικτον
834 3486 916 3554 rhoda
943 3486 1097 3569 βονλεῧσαι
1128 3486 1218 3569 φὸνον
1245 3503 1311 3550 11011

251 3591 368 3658 habent
391 3591 501 3672 quibus
534 3597 606 3672 apte
635 3589 778 3672 opposita
808 3590 958 3682 dicantur.
987 3591 1107 3656 accedit
1130 3589 1211 3672 quod
1240 3589 1310 3671 ipso

251 3693 420 3774 Aegisthus
449 3691 481 3757 in
514 3692 652 3757 oratione
682 3693 883 3759 antecedente
919 3711 1070 3775 nusquam
1101 3711 1135 3758 se
1162 3689 1312 3758 facinoris

253 3801 466 3864 exsecutorem
489 3796 636 3879 ostendit,
659 3817 698 3863 ne
721 3798 902 3864 societatem
926 3796 1050 3880 quidem
1073 3795 1175 3862 caedis
1197 3813 1311 3877 perpe-

252 3907 353 3967 tratae
383 3899 497 3966 diserte
525 3901 583 3967 sibi
614 3903 765 3982 vindicat,
800 3903 895 3967 immo
926 3920 996 3967 eum
1025 3899 1238 3967 tantummodo
1274 3917 1312 3964 se
1426 3895 1427 3912 ³

253 4003 416 4089 profitetur
439 4006 491 4088 qui
513 4013 611 4072 totam
641 4006 757 4073 funesti
786 4007 905 4073 consilii
927 4007 1080 4072 rationem
1102 4003 1255 4070 invenerit
1277 4007 1312 4070 et

255 4110 520 4193 Clytaemnestrae
542 4111 715 4178 subdiderit
737 4110 847 4195 (civv.
865 4116 955 4190 1571,
982 4115 1072 4190 1577,
1100 4112 1190 4189 1596,
1216 4109 1310 4190 16011,

257 4217 360 4302 1614),
397 4234 476 4300 quae
512 4222 620 4283 contra
657 4217 755 4284 solam
789 4215 821 4281 in
858 4233 891 4281 se
927 4213 1045 4280 consilii
1078 4212 1311 4280 exsecutionem
1426 4307 1427 4310 Ἴ
