2856 4698
654 233 870 338 -rn-

231 426 393 489 auctorem
417 421 556 505 conspici
582 422 728 488 ostendit.
781 423 837 486 sed
866 426 902 486 ut
922 421 1058 503 aliquam
1083 423 1300 504 explicationis·

231 544 321 592 meae
343 525 473 590 reddam
496 525 659 604 rationem,
682 527 761 591 haec
783 525 951 590 adnotasse
973 523 1123 592 sufficiet:
1147 533 1297 614 ἐρίδματος

231 631 314 696 sicut
335 649 362 692 v.
388 649 413 693 c.
437 627 635 717 ναρδνὸδηκτος
665 649 693 693 ν.
719 633 799 694 1439
824 649 917 694 sensu
939 629 1041 696 activo
1065 631 1182 696 dictum
1205 633 1297 714 sigui-

231 732 304 807 ficat
329 733 550 798 »vehementer
572 733 767 814 opprimens,
800 733 904 798 omnia
933 732 1075 798 funditus
1107 739 1250 804 evertens
1273 755 1296 800 s·

231 837 356 918 penitus
379 854 508 917 pessum
531 836 645 900 dense:
677 840 733 924 ἔρις
755 840 878 918 spectat
899 837 939 900 ad
962 837 1194 902 contentionem
1216 839 1298 903 inter

231 937 410 1005 Menelaum
432 943 464 1004 et
492 939 652 1018 Paridem,
684 940 766 1003 inter
796 938 935 1004 Graecos
967 944 999 1004 et
1028 940 1196 1020 Troianos,
1225 937 1298 1028 οἰζύς

232 1042 274 1106 ad
295 1040 432 1106 Menelai
461 1042 650 1108 moestitiam
682 1042 721 1106 de
750 1060 812 1123 qua
841 1042 955 1106 chorus
977 1042 1039 1105 iam
1062 1060 1159 1123 supra
1180 1045 1245 1124 egit
1266 1045 1297 1107 ln

233 1145 355 1212 stasimi
376 1145 416 1209 Π.
440 1145 571 1227 stropha
593 1149 628 1224 2;
658 1147 755 1212 verba
785 1152 890 1212 autem
921 1165 1001 1228 quae
1032 1165 1105 1211 mox
1127 1153 1299 1228 sequuntur

234 1243 393 1325 ἀξύστατον
428 1249 518 1329 ἄλγος
553 1250 678 1338 ἔπραξεν
713 1252 753 1333 (v.
784 1251 878 1332 1435)
916 1253 1077 1314 cruentam
1112 1250 1300 1316 discordiam

235 1351 318 1416 inter
347 1351 615 1433 Agamemnonem
645 1358 677 1418 et
700 1352 982 1436 Clytaemnestram
1009 1353 1186 1418 eTroiana
1208 1371 1300 1434 expe-

236 1454 355 1520 ditione
385 1459 524 1520 coortam
555 1456 743 1521 adumhrant
773 1455 861 1521 eidus
891 1455 938 1522 rei
967 1456 1085 1521 mentio
1108 1457 1141 1520 iu
1163 1457 1209 1522 eis
1232 1475 1300 1522 ver-

236 1557 322 1622 sibus
344 1555 428 1621 iacta
457 1555 581 1623 videtur
609 1559 661 1641 qui
692 1558 766 1623 inde
789 1577 809 1622 a
829 1557 879 1626 aio
901 1559 931 1623 δὲ
954 1561 1069 1625 τελείαν
1099 1559 1130 1621 in
1160 1557 1298 1624 secundo

236 1653 479 1740 anapaestorum
502 1665 672 1743 systemate
695 1662 892 1727 exciderunt:
924 1663 1012 1749 ἄνδρα
1035 1666 1067 1726 et
1089 1667 1211 1742 paratas
1234 1681 1301 1727 sae-

235 1761 364 1845 pissime
387 1763 534 1828 maritum
557 1770 589 1828 et
611 1783 747 1854 uxorem
762 1765 867 1829 valere
890 1764 974 1848 (vide
996 1785 1024 1828 ν.
1044 1784 1068 1828 c.
1092 1785 1139 1828 vv.
1165 1769 1250 1829 1360
1270 1769 1303 1829 et

239 1865 334 1948 1400)
351 1866 419 1948 quis
441 1865 586 1946 ignorat?
609 1869 690 1948 quod
714 1873 820 1932 autem
842 1867 1098 1934 Schneidewiuus
1120 1887 1179 1950 pro
1195 1864 1302 1956 ἣτιςῆν

238 1968 371 2034 coniecit
392 1963 470 2048 odra,
495 1971 636 2051 quamvis
658 1970 738 2036 hene
767 1971 808 2034 ad
831 1989 958 2036 sensum
989 1972 1151 2034 inventum
1172 1971 1303 2037 verebar

236 2090 276 2136 ne
298 2089 409 2153 parum
433 2073 614 2137 conveniret
635 2075 770 2139 orationi
796 2074 939 2154 poeticae
963 2091 1065 2156 neque
1089 2074 1164 2138 satis
1193 2093 1302 2139 neces-

238 2175 353 2240 sariam
375 2176 485 2240 lectori
507 2175 634 2242 offerret
655 2178 882 2260 interpretandi
906 2195 1039 2242 causam.

344 2278 407 2343 Sed
421 2278 510 2344 illuc
541 2280 706 2346 redeamus
732 2281 820 2346 unde
850 2299 958 2345 sumus
987 2280 1135 2361 digressi,
1168 2286 1205 2345 ut
1235 2301 1305 2363 per-

239 2379 346 2444 mrdtis
375 2400 394 2445 e
422 2380 499 2448 locis
529 2382 585 2446 ubi
621 2382 773 2449 librorum
807 2382 976 2450 memoriae
1015 2381 1220 2448 diffidendum
1258 2389 1307 2448 est

240 2482 391 2565 eligamus
421 2505 475 2550 eos
505 2505 637 2568 quorum
665 2490 706 2553 ad
735 2488 1002 2565 emendationem,
1031 2487 1097 2552 sive
1125 2488 1158 2550 in
1189 2485 1305 2552 nullius

239 2588 342 2652 adhuc
364 2591 640 2669 reprehensionem
670 2593 870 2657 incurrenmt
892 2593 958 2656 sive
980 2590 1034 2654 alil
1057 2592 1119 2655 iam
1141 2591 1200 2655 viri
1224 2591 1307 2656 docti

240 2691 272 2754 lu
296 2692 489 2774 corrigendis
503 2694 548 2760 eis
562 2701 804 2762 consumserunt
818 2713 961 2778 operam,
985 2712 1047 2760 non
1071 2693 1148 2758 nihil
1166 2692 1308 2759 conferre

240 2813 334 2876 pesse
356 2797 508 2862 videmur.

344 2899 381 2963 V.
408 2905 467 2964 126
489 2900 677 2965 vocabulum
700 2897 857 2987 κνεφάζειν
886 2900 926 2964 ab
953 2899 1105 2965 hocloco
1128 2899 1308 2982 discrepare

242 3003 357 3085 quippe
381 3002 551 3070 ahsrudum
574 3003 614 3068 ad
637 3005 705 3070 eius
727 3004 917 3070 sententiam
943 3021 1006 3068 nou
1028 3021 1107 3083 opus
1130 3002 1192 3066 erit
1213 3001 1308 3082 pluri-

241 3108 300 3174 bus
332 3127 496 3190 exponere.
528 3107 611 3174 ultro
639 3109 728 3190 quasi
755 3129 789 3174 se
819 3105 911 3175 offert
936 3101 1092 3194 σκεδνὲξειν,
1115 3106 1160 3170 ita
1182 3111 1218 3170 ut
1240 3131 1309 3192 τρο-

242 3206 362 3278 τύττειν
398 3209 503 3292 »prius
535 3215 720 3292 percutere«
754 3228 884 3284 ¹harusam
919 3209 1065 3276 exhibeat
1098 3228 1160 3290 qua
1196 3203 1310 3292 στόμιον

243 3321 324 3396 μέγα
346 3318 452 3400 Τροίας
482 3313 511 3378 h.
536 3334 563 3378 e.
591 3314 783 3380 Graecorum
821 3312 986 3393 exercitus,
1012 3311 1189 3394 dissipetur.
1225 3310 1310 3393 quod

244 3423 350 3492 autem
381 3417 665 3484 Rauohenstcinius
696 3415 847 3482 hainaut
884 3413 1040 3499 (durauer
1071 3413 1251 3495 Sohulprgn
1282 3431 1308 3478 a.

246 3522 343 3606 laea)
364 3526 491 3604 poetam
512 3521 675 3603 scripsisse
696 3515 812 3614 tauma
828 3520 900 3588 ideo
920 3519 1065 3604 displicet
1080 3519 1163 3602 quod
1181 3515 1310 3598 landone

246 3624 407 3706 amplioris
429 3630 480 3691 est
500 3625 637 3690 notionis
667 3643 770 3708 neque
798 3624 876 3692 sotis
907 3624 1057 3690 concinne
1074 3639 1153 3686 rem
1181 3619 1235 3716 de
1251 3637 1311 3703 qua

246 3728 349 3810 agitur
372 3727 526 3809 designat.
1137 3773 1138 3778 η
1265 3721 1270 3729 ’

350 3832 386 3898 V.
413 3836 475 3898 358
497 3831 570 3898 libri
592 3833 747 3914 praebent
769 3840 921 3916 πέφανται
945 3833 966 3897 δ’
969 3829 1104 3912 ἐγγόνους
1125 3829 1166 3911 (v.
1183 3827 1202 3890 l.
1227 3832 1312 3906 ἐκνό-

246 3935 321 4020 aove)
344 3933 514 4028 ἀτολμήτων
545 3938 598 4027 ἄρῃ
625 3933 769 4006 πνεόντων
798 3933 895 4023 melgor
917 3935 933 4025 ἦ
956 3939 1071 4008 δικαίως
1093 3940 1158 4000 κτλ.
1201 3929 1311 4012 quibus

246 4039 389 4128 prolecto
405 4044 450 4110 nil
473 4043 665 4127 corruptius,
687 4043 746 4110 scd
768 4041 924 4124 quomodo
946 4040 1019 4104 hoio
1041 4038 1110 4102 loco
1128 4034 1312 4100 subvenien-
1417 4119 1418 4134 χ

249 4148 322 4216 dum
334 4149 502 4232 quaeritur.
526 4151 669 4216 iuncum
681 4148 871 4230 Hermanno,
886 4144 913 4212 si
925 4143 1037 4240 placet,
1054 4139 1099 4205 ita
1114 4137 1312 4206 scribendum
