2856 4698
557 269 750 337 ,q-

47 443 51 454 ’
124 458 444 542 utramquelibrorum
454 457 1027 541 scripturamdtmceetdltmccinde
1035 457 1186 542 originem

124 562 249 630 duxisse
262 567 349 628 ratus
365 566 460 640 recte,
482 564 519 626 ut
530 579 601 627 mea
615 559 677 627 lert
699 561 812 643 opinio,
833 561 972 628 restituit
981 561 1186 629 Wellauerus.

227 665 338 748 Neque
360 683 436 731 sane
458 665 596 732 melioris
619 669 712 730 notae
736 664 815 730 duos
837 671 1003 748 praeterea
1023 685 1133 733 versus
1155 667 1188 731 in

125 769 184 836 hac
214 768 321 835 fabula
349 769 515 852 indagasse
545 769 620 835 mihi
649 769 767 852 videor,
796 789 922 836 versum
955 775 1016 837 515
1040 776 1073 837 et
1096 775 1187 837 1568.

124 877 185 940 iarn
208 875 292 958 quod
313 873 354 940 ad
375 874 514 959 priorem
536 874 667 951 attinet,
702 874 762 939 etsi
793 873 947 939 editorum
975 874 1076 941 adbuc
1096 894 1188 942 nemo

123 984 241 1057 vedrae
263 980 436 1063 suspitione
459 997 531 1045 eum
553 977 710 1061 adspersit
740 983 796 1042 aut
817 997 854 1044 eo
884 977 995 1045 saltem
1017 997 1112 1062 quem
1134 980 1189 1044 ob-

124 1085 204 1152 tinet
228 1083 297 1152 loco
319 1082 543 1150 removendum
570 1081 704 1160 notavit,
735 1080 831 1147 nihilo
861 1084 963 1149 minus
993 1081 1060 1149 fieri
1082 1082 1115 1148 id
1138 1081 1190 1150 de

124 1189 219 1256 bebat
240 1188 339 1272 ipsius
361 1187 422 1254 loci
444 1191 629 1270 argumento
644 1187 819 1252 accuratius
838 1205 1004 1270 perpenso.
1027 1189 1190 1271 praeconis

128 1293 228 1359 oratio
251 1292 283 1356 in
305 1289 410 1356 verbis
434 1289 549 1355 desinit
578 1287 670 1357 διπλιῖ
697 1289 824 1357 δ’ἔτισιιν
845 1294 1008 1379 Πριαμίδαι
1036 1291 1192 1380 θιὶμιίρτια

47 1470 50 1478 ,
127 1395 248 1484 (Herm.
273 1414 350 1463 corr.
374 1395 542 1484 θάμαραία)
564 1394 594 1459 b.
618 1413 643 1460 e.
677 1392 814 1477 duplicia
836 1413 895 1461 sua
917 1399 1046 1478 peccata
1067 1395 1193 1461 luerunt

126 1498 310 1566 Priamidae.
334 1503 367 1565 et
388 1500 524 1580 primum
547 1496 673 1578 quidem
695 1497 846 1580 numquid
868 1497 1069 1564 Priamidae?
1099 1497 1193 1565 ater

127 1605 293 1686 praeconis
322 1603 467 1686 opinione
497 1605 557 1688 (vv.
583 1601 766 1686 ato-514)
797 1621 860 1666 non
889 1602 949 1668 nisi
982 1620 1051 1668 cunr
1080 1602 1193 1670 Paride

125 1726 228 1791 aquo
253 1707 399 1774 videlicet
429 1706 575 1772 universa
598 1710 662 1770 atat
685 1705 794 1770 civitas
822 1705 974 1796 (συντελὴς
995 1709 1091 1793 πόλις)
1112 1707 1194 1790 Aga-

125 1813 284 1878 memnoni
305 1831 356 1878 res
379 1815 428 1878 est
450 1817 482 1876 et
504 1810 646 1893 ejusdem
667 1809 826 1892 peculiare
842 1814 942 1888 πάθας
963 1817 1195 1895 persequuntur·

124 1915 221 1982 verba
247 1911 350 1998 δφλιδν
378 1915 435 2003 γὰρ
464 1911 597 2004 &profic
628 1941 662 1980 re
692 1921 745 1998 qap*
778 1913 888 2004 κλοπῆς
916 1920 994 2004 δίκην
1023 1915 1076 1984 ινδ
1103 1921 1195 2006 ῥυσίου

126 2021 158 2086 H
183 2018 298 2109 ἅμαρτε
320 2023 373 2102 uqa)
397 2021 588 2107 πανώλεθρον
611 2018 798 2102 aaronitae
821 2019 955 2110 πατρρδον
969 2024 1086 2109 ἔθρισεν
1101 2017 1194 2101 δόμον.

128 2141 203 2206 ergo
232 2121 482 2190 concludendum
510 2125 579 2188 erat
610 2126 670 2197 ἕνας
700 2123 722 2188 δ’
726 2126 824 2190 ἔτισαν
837 2127 1008 2211 ιΠριαμίδαι
1034 2117 1196 2212 θάμάρτια·

131 2245 226 2310 porro
249 2245 402 2310 quaenam
425 2225 624 2308 deliquerunt
634 2224 810 2292 Priamidae
833 2232 866 2292 et
887 2245 1045 2317 quaenam,
1063 2234 1194 2311 peccata

128 2329 276 2397 luerunt?
319 2332 500 2396 universum
529 2329 758 2395 Priamidarum
788 2349 887 2412 genus
916 2350 992 2396 num
1023 2332 1097 2415 quid
1120 2330 1196 2397 deli·

127 2435 234 2516 querit
255 2433 380 2516 ignorat
400 2451 513 2516 praeco
537 2450 639 2513 neque
662 2434 788 2498 omniuo
813 2434 893 2499 scire
909 2441 1006 2500 curat.
1031 2436 1088 2502 sed
1104 2453 1197 2518 quae-

129 2555 204 2602 nam
235 2543 308 2604 sunt
340 2537 475 2623 duplicia
506 2557 615 2604 eorum
645 2535 800 2619 peccata?
838 2536 958 2628 δραανῆ
988 2539 1135 2604 nimirum
1166 2544 1198 2604 et

128 2647 236 2732 κλοπή.
266 2648 300 2707 at
319 2640 399 2709 baec
422 2648 498 2708 sunt
519 2642 616 2708 solius
639 2641 760 2706 Paridis
790 2647 823 2705 et
854 2643 1000 2725 quoniam
1023 2643 1197 2708 arctissime

128 2747 191 2812 istu
213 2745 344 2812 crimina
372 2746 456 2811 inter
477 2765 511 2812 se
535 2746 702 2828 conjuncta
731 2748 805 2809 sunt
826 2747 863 2809 ut
886 2761 965 2826 quae
987 2762 1050 2810 uno
1073 2746 1197 2811 eodem-

130 2867 191 2934 que
212 2849 350 2917 faciuore
371 2850 521 2930 nitantur,
545 2847 726 2929 neutiquam
745 2854 781 2913 ut
797 2847 889 2918 διαλῖ
908 2849 1043 2916 discerni
1057 2854 1198 2932 possunt.

128 2973 238 3022 verum
260 2956 366 3038 accipe
390 2953 463 3022 dum
489 2954 679 3038 adjectivum
710 2951 801 3021 διπλαῖ
830 2952 971 3021 adverbii
1002 2955 1033 3020 vi
1061 2953 1198 3036 positum

129 3076 189 3142 pro
222 3057 325 3148 διπλῇ,
359 3063 396 3124 ut
427 3057 611 3124 Schuetzius
650 3056 771 3140 accepit
805 3063 837 3122 et
867 3057 1020 3141 Eugerus.
1062 3058 1197 3124 concedo

129 3161 267 3245 accipio:
290 3161 456 3247 dupliciter
477 3161 573 3244 igitur
593 3161 724 3227 luerunt
745 3159 774 3225 h.
791 3181 816 3226 e.
842 3161 981 3243 duplices
999 3167 1198 3245 peccatorum

128 3284 247 3350 poenas
278 3265 494 3351 expenderunt
526 3263 705 3331 Priamidae
739 3283 820 3346 quae
859 3263 986 3348 quidem
1014 3283 1135 3348 poenae
1169 3266 1197 3331 si

129 3370 238 3451 quales
276 3371 339 3436 sint
381 3369 556 3453 quaeritur,
596 3387 654 3451 pro
694 3387 802 3435 rerum
843 3370 1076 3435 continuatione
1120 3367 1198 3434 nihil

131 3473 216 3542 aliud
238 3493 277 3542 ex
298 3475 557 3542 antecedentibus
580 3473 649 3542 elici
675 3480 781 3557 potest
811 3493 904 3557 quam
934 3473 1073 3564 ἁμαρτεῖν
1104 3479 1198 3566 leode

131 3581 164 3641 et
179 3575 440 3667 θριξειν-αατρῷαν
463 3579 555 3662 δόμον.
579 3577 666 3659 atqui
688 3596 728 3643 ne
749 3575 782 3641 id
804 3575 931 3659 quidem
954 3583 1080 3660 praeter
1102 3595 1197 3643 unum

131 3679 277 3748 Paridem
309 3688 358 3748 est
390 3682 470 3748 alius
504 3683 694 3764 cuiusquam.
734 3699 808 3764 ergo
837 3680 911 3748 uide
940 3686 1058 3763 quanto
1080 3681 1197 3748 rectius

132 3783 263 3852 dixisset
290 3805 405 3870 praeco
434 3784 523 3880 διπλῇ
546 3787 648 3853 δ’ἕτισα
679 3789 841 3874 Πριαμίδης
864 3779 1027 3874 θάμάρτια.
1067 3785 1199 3852 Priami-

132 3889 204 3956 dam
228 3898 334 3958 autem
356 3891 493 3974 intellegi
516 3889 612 3958 vellet
632 3889 786 3957 Paridem.
830 3889 886 3956 sed
908 3897 1030 3958 tantuna
1052 3891 1142 3956 abest
1163 3896 1200 3955 ut
1309 3921 1317 3934 ·

133 3995 280 4062 mendum
302 3995 428 4079 aliquod
450 3995 511 4062 illis
534 3995 638 4063 verbis
668 3994 772 4076 qualia
800 3995 952 4078 praebent
975 3993 1048 4062 libri
1070 3994 1198 4062 subesse

134 4099 263 4178 arioler,
297 4107 333 4166 ut
354 4119 481 4168 versum
508 4101 665 4184 integrum
694 4098 767 4165 hinc
792 4097 903 4167 saltem
927 4097 1198 4168 exterminandum

133 4207 181 4282 et,
215 4220 277 4285 quo
306 4203 349 4270 sit
376 4203 559 4273 referendus
582 4223 653 4270 oum
675 4204 829 4284 nesciam,
862 4203 894 4270 in
916 4205 1088 4288 marginem
1111 4207 1197 4266 certe
