2856 4698
563 301 755 364 ,5-

11 549 17 564 ‚
129 526 173 536 -
195 491 226 552 et
248 487 280 552 id
303 485 428 568 quidem
451 489 546 565 recte,
569 485 596 552 si
619 505 728 552 eorum
752 484 941 551 contrarium
961 485 1092 567 respicis
1108 483 1191 566 quod

131 595 180 658 est
200 589 348 660 ὑποκαίειν
372 629 413 638 -
427 591 460 654 in
483 589 624 672 margine
651 591 786 671 primunr
809 587 904 654 luerit
925 587 1097 669 adscripta,
1119 592 1192 671 post

130 699 243 775 autem,
257 699 292 760 ut
308 693 492 775 saepissime
505 713 564 760 usu
582 693 705 760 venisse
721 699 853 772 constat,
875 714 895 760 a
908 693 1074 759 recentiori
1086 691 1191 774 aliqua

130 816 224 862 manu
255 797 296 862 ad
324 803 566 878 anapaestorum
595 816 759 863 numerum
792 801 941 878 quantum
970 795 1039 863 fieri
1068 797 1192 878 poterat

129 899 256 966 redacta
283 900 316 964 in
345 899 496 966 orationis
525 899 790 965 continuationem
825 899 1024 965 insereretur.
1079 898 1190 980 quibus

128 1003 223 1083 igitur
245 1002 376 1069 sublatis
399 1021 524 1068 versum
552 1008 783 1068 monometrum
815 1003 879 1072 οὔτε
907 1009 1034 1092 δακρύων
1063 1021 1191 1084 recupe-

129 1123 235 1172 ramus
267 1125 328 1190 quo
357 1105 499 1172 versrhus
529 1111 579 1185 46,
610 1111 659 1186 53,
690 1111 730 1172 58
760 1107 881 1173 collatis
911 1127 948 1173 eo
978 1107 1102 1190 aegrius
1131 1108 1190 1172 hoc

128 1217 369 1306 anapaestorum
402 1217 539 1294 systema
574 1214 634 1294 (vv.
662 1213 801 1297 67-71)
834 1217 940 1295 potest
971 1230 1095 1290 carere,
1129 1229 1190 1291 quo

127 1315 263 1394 graviori
285 1334 355 1380 cum
377 1315 408 1378 vi
431 1333 541 1382 versus
565 1316 759 1397 subsequens
782 1316 835 1397 qui
850 1316 964 1381 dicitur
977 1315 1190 1397 paroemiacus

128 1417 214 1506 ὄρνιλς
236 1420 345 1495 ἀτενεῖς
367 1421 553 1508 παραθέλξει
581 1426 613 1486 et
635 1420 862 1486 sententiarum
884 1440 998 1487 nerum
1028 1419 1192 1502 distinguit

128 1525 161 1587 et
182 1539 383 1588 numerorum
406 1523 525 1588 dirimit
547 1523 669 1588 seriem.
693 1521 787 1588 aliam
808 1522 995 1588 restituendi
1016 1522 1108 1586 huius
1130 1520 1190 1586 loci

127 1624 281 1690 rationem
304 1625 342 1690 G.
365 1626 566 1693 Hermannus
589 1635 714 1694 secutus
741 1633 868 1710 poetam
889 1625 965 1694 iecit
987 1626 1190 1693 scribentem:

127 1727 193 1797 oth
217 1727 384 1798 ὑπσκλαίαν
407 1733 472 1800 ota’
494 1730 659 1814 ὑσολνίβαν
681 1733 799 1820 ciniphe
821 1741 871 1819 lep.
895 1734 951 1821 ὄρν.
974 1733 1021 1800 ιἰτ.
1046 1761 1114 1820 παρ.

228 1831 311 1899 item
340 1833 371 1898 in
398 1835 519 1901 stasimi
549 1835 643 1916 primi
673 1837 775 1917 epodo
805 1855 884 1917 quae
917 1836 1065 1918 leguntur
1095 1833 1191 1900 verba

126 1936 236 2004 τούτων
266 1939 348 2004 αἰνεῖ
373 1939 510 2022 ξύμβολα
540 1939 643 2027 κράναν
674 1943 750 2022 (var.
781 1939 852 2005 lect.
884 1940 998 2028 apricat)
1029 1939 1109 2016 δεξιοὶ
1135 1941 1191 2020 μὲν

127 2039 316 2122 κατάμομφα
328 2043 359 2107 δὲ
375 2043 522 2124 φάσματα
531 2043 681 2129 στρουθῶν
692 2045 731 2127 (c.
739 2041 835 2128 Med.)
841 2043 885 2108 nil
897 2043 957 2108 nisi
965 2041 1064 2108 futilis
1074 2043 1189 2125 partim

127 2161 166 2208 ex
186 2145 331 2226 genuinis
344 2149 457 2225 poetae
470 2145 576 2212 verbis
588 2147 706 2229 partirn
720 2165 757 2212 ex
771 2146 936 2228 discerptis
951 2147 1045 2212 variis
1060 2153 1091 2211 et
1107 2145 1189 2230 glos-

127 2265 232 2312 sarum
267 2253 300 2312 et
330 2247 519 2315 scholiorum
535 2250 697 2332 particulis
719 2251 905 2317 sine-sensu
928 2251 1094 2316 commixta
1117 2270 1188 2316 cou-

12 2413 19 2430 ,
126 2351 231 2431 geries
258 2371 327 2416 esse
356 2350 447 2417 facile
470 2359 690 2433 coarguuntur.
713 2355 829 2420 etenim
852 2373 1005 2436 ponamus
1032 2355 1188 2435 antiquius

127 2453 284 2520 exstitisse
315 2453 453 2520 scholion
476 2456 537 2521 tali
558 2455 623 2521 fere
647 2457 738 2522 modo
762 2463 962 2540 conceptum:
985 2457 1093 2526 νονίαν
1115 2465 1195 2526 ιιιίεῖ

126 2555 271 2642 (Calchas
285 2557 443 2644 videlicet)
455 2561 593 2645 Ξύμβολο
605 2561 717 2649 (dupio
728 2567 803 2643 puta
815 2563 980 2651 νἰγρονὸμνιν
994 2563 1047 2644 qui
1061 2580 1188 2644 praece-

126 2659 300 2745 duntsl'gna
310 2681 333 2728 s.
341 2669 500 2752 portenta)
511 2667 613 2754 κροῖναι
625 2667 686 2756 ἤτοι
698 2676 825 2745 τελέσαι,
839 2669 904 2736 ἀντὶ
914 2669 964 2736 τσο)
978 2665 1070 2751 &aaut
1086 2676 1187 2738 τελεσ-

125 2763 229 2851 θῆναιε
252 2771 345 2848 atque
358 2767 430 2834 inde
454 2769 578 2836 demum
602 2789 765 2837 emanasse
792 2777 959 2854 utrumque
982 2771 1065 2854 quod
1086 2777 1188 2837 exstat

125 2868 296 2934 etiamnum
319 2870 459 2938 scholion
483 2879 514 2938 et
543 2873 658 2940 codicis
681 2875 764 2941 Med.
785 2875 878 2958 plane
901 2874 1125 2942 deformatum:
1148 2875 1186 2943 nl

124 2970 261 3053 σύμβολα
279 2978 360 3041 αἰτεῖ
365 3005 403 3058 με
420 2977 516 3056 Φάναν
530 2977 666 3062 (Dindrf.
682 2979 729 3044 ed.
745 2983 763 3042 3
778 2979 837 3062 pff.
847 2998 876 3061 p.
885 2979 959 3046 XLI
972 2980 1073 3068 κράναν
1096 2981 1187 3066 corr.)

123 3077 198 3144 κτλ.
221 3080 255 3141 et
282 3077 397 3143 codicis
425 3079 531 3146 Fam:
576 3091 694 3150 τελέσαι
720 3085 785 3150 dura*
809 3084 860 3152 τσῧ
889 3084 982 3164 Φάναν
1010 3083 1185 3172 τελεσθῆναι

123 3181 229 3246 nescio
256 3199 297 3246 an
319 3187 405 3278 reete
428 3185 497 3266 quis
519 3187 711 3268 suspicetur;
733 3185 783 3254 fac
806 3188 917 3254 deinde
939 3188 1026 3255 verhi
1048 3188 1184 3272 ξύμβολα

123 3283 298 3367 explicandi
325 3303 418 3354 causa
447 3307 513 3354 voc.
546 3291 694 3373 Φάσμαια
721 3292 815 3375 idque
846 3311 884 3359 ex
906 3311 932 3356 v.
958 3289 1019 3358 259
1049 3292 1184 3360 sortasse

121 3387 269 3454 haustum
297 3387 394 3456 iuuisse
416 3392 622 3475 adscriptum3
651 3414 745 3476 porro
775 3397 944 3479 genitivum
972 3399 1122 3486 στρουθῶν
1144 3397 1182 3464 ab

121 3491 182 3558 alio
205 3510 303 3575 eoque
325 3497 493 3562 recentiori
515 3498 687 3581 interprete
700 3519 781 3584 pone
798 3520 835 3568 eo
850 3500 1010 3568 intellectu
1023 3502 1182 3583 appictum

122 3594 162 3658 ad
184 3599 294 3664 radron
304 3595 395 3663 illud.
419 3603 579 3683 tamquam
601 3603 627 3668 si
653 3622 852 3685 »passerum«
877 3625 914 3672 ex
937 3605 1035 3672 Iliade
1056 3605 1182 3672 notissi-

120 3717 206 3764 mum
235 3703 399 3782 augurium
434 3709 470 3768 ut
502 3705 583 3772 bene
620 3709 759 3774 eveniret
791 3708 923 3776 Calchas
956 3709 1007 3774 hic
1036 3708 1077 3775 ad
1106 3709 1183 3776 deos

120 3809 206 3869 esset
231 3811 386 3887 precatus.
432 3825 511 3890 quae
539 3817 644 3876 autern
671 3811 791 3894 reliqua
821 3819 894 3880 sunt
921 3813 1017 3880 verba
1045 3813 1184 3896 ξύμβολα

120 3907 221 3996 κράναν
243 3912 276 3971 et
298 3908 376 3985 δεξιοὶ
399 3911 454 3992 μὲν
477 3913 666 3995 κατάμομφα
688 3919 721 3984 δέ
744 3917 843 3999 ipsius
867 3937 936 3984 asse
958 3916 1054 3982 verba
1069 3919 1183 3999 poetae

119 4008 151 4074 id
173 4010 300 4091 quridem
323 4011 500 4080 addubitari
522 4018 646 4098 nequit3
676 4019 731 4084 sed
755 4039 811 4086 suo
834 4041 904 4088 esse
925 4021 993 4087 loco
1017 4017 1185 4086 exturbata

118 4109 151 4176 in
174 4132 334 4197 unumque
356 4121 474 4184 temere
498 4118 636 4186 conferta
659 4120 708 4186 vel
736 4123 808 4188 iude
831 4126 908 4190 satis
934 4129 1022 4206 patet
1044 4115 1183 4206 quodin

117 4215 237 4298 protasi
260 4215 397 4284 nondum
420 4221 460 4288 de
480 4221 631 4303 peculiari
655 4223 827 4306 aquharun
842 4227 964 4310 augurii
977 4223 1183 4308 ambiguitate
