2856 4698
528 235 743 306 „17-

93 426 269 502 toritatem,
291 423 388 488 nihilo
411 424 515 490 miuus
538 427 571 486 ct
593 439 781 505 quamquam
805 423 948 489 vocabuli
969 423 1053 488 illius
1077 424 1170 494 resti·

93 529 185 608 glum
217 529 250 592 iu
283 526 488 610 scriptoribus
520 527 635 608 prioris
668 527 781 592 aetatis
813 545 967 610 nusquam
996 528 1056 592 nisi
1086 526 1171 610 apud

95 630 302 696 Plutarchum
325 631 430 714 (Num.
456 633 489 694 8:
530 632 655 710 οἴγολμο
679 636 832 716 ἔμμορφον
861 630 944 696 idem
974 631 1057 712 quod
1086 631 1171 700 εἰκὼν

96 735 326 824 οὶνθρνννοενδὴςΙ
356 740 408 816 aa)
446 729 612 820 ζονμορρος
651 735 734 816 quod
769 733 875 817 paullo
910 740 983 800 ante
1019 735 1171 816 scriptum

95 836 228 922 legitur)
237 837 376 920 reperire
390 840 543 918 poteram,
561 855 634 902 rere
650 841 756 902 tamen
768 836 962 919 Aeschyleae
976 837 1089 902 indolis
1102 855 1171 902 csse
1221 887 1227 902 ,

96 941 175 1006 mihi
198 941 324 1006 videtur
348 939 438 1022 cujus
462 939 588 1024 quidem
610 937 797 1022 significatio
827 939 1075 1006 luculentissime
1099 959 1171 1004 con·

96 1046 185 1108 venit
209 1061 279 1108 rum
303 1043 443 1110 versibus
467 1043 726 1108 antecedentibus
756 1044 809 1130 qui
832 1045 918 1110 varia
939 1050 1173 1126 persequuntur

97 1143 239 1212 lamenta
262 1147 300 1210 de
323 1147 369 1210 eis
392 1131 524 1228 quorum
548 1149 686 1233 πυρωθὲν
708 1148 812 1234 βροχύ
836 1147 949 1235 ψῆγμα
976 1149 1008 1212 in
1036 1148 1172 1228 patriam

98 1251 255 1331 pervenit
268 1249 307 1313 ab
331 1249 439 1314 amicis
464 1249 666 1331 cognatisque
689 1268 799 1314 eorum
821 1250 882 1315 rite
905 1250 997 1314 edita.

204 1352 259 1416 Vv.
272 1357 289 1415 7
294 1356 440 1416 35-737
459 1352 512 1434 qui
528 1353 614 1418 tertii
628 1352 751 1420 stasmi
774 1357 848 1420 suut
870 1353 1019 1434 strophae
1043 1357 1172 1434 quartae

101 1454 146 1520 ita
169 1455 353 1522 scribendos
378 1473 507 1520 censeo:

369 1585 465 1666 ’φιλεῖ
481 1584 511 1648 δὲ
535 1587 644 1651 τίκτειν
666 1584 748 1671 ὕβρις
777 1616 780 1630 ·
834 1565 837 1574 ¹

373 1687 428 1768 μὲν
451 1688 569 1754 παλαιοὶ
592 1685 643 1753 reci
665 1723 709 1734 -

374 1787 477 1874 ζουσαν
499 1795 532 1856 ἐν
555 1796 654 1865 κακοῖς
675 1789 786 1877 βροτῶν
809 1789 893 1876 ὕβριν
949 1857 952 1862 ,

371 1890 429 1960 τότ’
454 1881 562 1978 qvod,
585 1890 642 1960 εὖτ’
668 1893 706 1959 ἂν
728 1896 781 1960 ἐντι1
803 1893 837 1959 τὸ
860 1893 957 1980 κόριον
978 1891 1057 1980 polla

374 1997 452 2077 Φίιος
473 1995 577 2063 σκότου
599 2005 664 2064 κτλ.

102 2125 132 2190 h.
145 2145 172 2191 e.
196 2125 280 2189 omni
303 2131 446 2206 tempore
470 2123 719 2208 quandocunque
742 2124 906 2190 advenerit
920 2123 1004 2188 iusta
1020 2143 1043 2192 s.
1059 2143 1173 2205 oppor-

102 2235 178 2294 tuna
200 2228 255 2292 lux
277 2267 318 2275 -
343 2225 499 2308 caliginis:
543 2228 648 2296 σκότον
677 2226 787 2308 igitur,
817 2245 881 2290 uon
908 2225 1017 2314 ν’μέρος
1046 2246 1070 2292 s
1092 2226 1173 2298 οἱλνόν

105 2335 181 2412 φάος
203 2337 415 2413 opportunum
444 2335 570 2408 tempus
600 2336 649 2394 est
678 2348 739 2412 quo
762 2328 843 2412 ὕβρις
865 2328 972 2393 vetula
995 2330 1061 2396 ovis
1085 2330 1174 2412 quasi

105 2437 255 2502 incubans
277 2439 380 2498 atrurn
402 2438 549 2514 procreet
570 2432 682 2510 fetum,
715 2433 797 2514 quod
827 2432 974 2518 ὂξνμοόροο
997 2431 1174 2524 euemplum

105 2539 188 2606 haud
221 2537 384 2619 indignum
416 2536 548 2602 videtur.
583 2535 725 2601 eiusdem
747 2536 882 2620 *generis
915 2541 962 2600 cst
992 2537 1175 2620 μελομφνέο

106 2647 202 2727 ἔρεβος
243 2643 326 2722 apud
363 2640 438 2706 Eur.
472 2638 541 2704 Hel.
579 2640 656 2718 5183
705 2640 910 2726 νυκτιλαμπὴς
947 2638 1054 2721 brothor
1091 2639 1176 2721 apud

109 2745 223 2810 Simon.
248 2743 282 2812 O.
305 2743 364 2824 ing.
389 2747 439 2822 37,
463 2745 500 2820 83
533 2742 666 2829 κελαινῆς
689 2744 792 2816 νυκτὸς
813 2742 1009 2824 ippa'apud
1031 2747 1175 2806 nostrum

108 2849 137 2912 in
166 2850 252 2914 Pers.
280 2847 342 2912 423
375 2853 406 2911 et
435 2864 515 2928 quae
547 2851 621 2910 sunt
640 2844 713 2910 alia
742 2845 775 2909 id
805 2863 914 2930 genus.
944 2848 1001 2914 τότ’
1027 2883 1071 2894 -
1097 2845 1175 2938 μὸλρ

100 2953 188 3035 'quod
219 2952 330 3032 scripsi
359 2947 458 3016 debeo
488 2949 522 3014 L.
548 2949 691 3032 Kaysero
723 2949 864 3032 (Miiuch.
889 2949 956 3016 Gel.
980 2951 1054 3014 Anu.
1083 2953 1174 3013 1857.

109 3073 135 3136 p.
158 3057 242 3138 633).
272 3093 316 3102 -
347 3055 433 3121 κοινοὶ
460 3051 572 3140 βροτῶν
600 3050 733 3116 fundum
757 3051 846 3134 quasi
868 3057 964 3133 atque
996 3051 1098 3120 solum
1121 3071 1174 3115 ex-

108 3157 213 3222 hibent
223 3157 306 3220 unde
324 3157 489 3240 superbiae
503 3153 671 3238 progenies
688 3154 861 3231 enascitur3
885 3156 1052 3234 progenies
1069 3157 1175 3218 autern

109 3267 178 3324 sunt
211 3259 333 3347 δνοοεβῆ
365 3266 436 3348 ἔργον
470 3267 506 3324 ut
537 3257 643 3341 paullo
674 3263 746 3325 ante
776 3257 939 3324 admonuit
972 3259 1099 3322 chorus:
1143 3257 1176 3324 τὸ

111 3367 239 3446 ὄυςσεβὲς
260 3365 316 3452 γὰρ
339 3369 421 3451 ἔργον
443 3371 522 3448 μέτα
551 3368 609 3446 μὲν
638 3367 761 3430 πλείονα
782 3369 874 3428 τίκτει
898 3362 959 3444 (vv.
983 3357 1176 3442 728-729).
1236 3397 1239 3404 ·

252 3493 288 3556 In
311 3497 428 3571 πολλὰς
450 3497 568 3561 dabo
591 3493 717 3580 ἀρτάνας
741 3492 813 3577 ἐμῆς
834 3497 913 3580 δέρης

312 3603 418 3666 ἔλυσαν
442 3599 530 3666 ἄλλον
553 3598 626 3687 πρὸς
648 3601 716 3678 βίον
740 3603 924 3684 λελημμένης

112 3731 166 3810 (vr,
188 3730 372 3810 sar-843)
395 3732 422 3794 si
446 3729 517 3816 πρὸς
539 3733 616 3809 βίον,
641 3733 675 3790 ut
698 3726 791 3806 vulgo
814 3723 857 3802 fit,
881 3729 1080 3791 omnibonus
1106 3739 1179 3786 con-

112 3831 251 3914 iungitur,
280 3833 481 3914 participium
510 3831 705 3912 subsequens
735 3829 818 3894 nude
841 3827 987 3896 reliotrun
1010 3825 1179 3892 admodum

112 3935 286 4018 langueret
309 3943 394 4002 certo
419 3933 733 4014 caretadminiculu,
762 3933 823 4000 nisi
852 3930 933 3998 forte
963 3936 1018 3999 aut
1051 3925 1178 3995 Schnei-

114 4038 217 4104 dewini
241 4037 449 4120 explicatione
473 4056 535 4122 qua
557 4035 645 4102 verbi
668 4035 750 4100 illius
771 4035 817 4098 vis
841 4033 920 4100 adeo
945 4031 1123 4102 extenditur
1143 4034 1179 4092 ut

114 4141 162 4208 sit:
186 4161 265 4224 quae
289 4141 320 4204 in
344 4146 486 4224 tempore
509 4138 625 4224 (mech
657 4157 713 4202 nur
742 4136 872 4202 rechten
901 4137 1007 4222 Zeit«)
1037 4131 1178 4212 compre·

983 4247 1001 4307 3
