<?xml version="1.0" encoding="UTF-8"?>
<!DOCTYPE html PUBLIC "-//W3C//DTD XHTML 1.0 Transitional//EN"
    "http://www.w3.org/TR/xhtml1/DTD/xhtml1-transitional.dtd">
<html xmlns="http://www.w3.org/1999/xhtml" xml:lang="en" lang="en">
 <head>
  <title>
</title>
<meta http-equiv="Content-Type" content="text/html;charset=utf-8" />
  <meta name='ocr-system' content='tesseract 3.04.00' />
  <meta name='ocr-capabilities' content='ocr_page ocr_carea ocr_par ocr_line ocrx_word'/>
</head>
<body>
  <div class='ocr_page' id='page_1' title='image "./observationescr00schmgoog_0027.png"; bbox 0 0 2856 4698; ppageno 0'>
   <div class='ocr_carea' id='block_1_1' title="bbox 646 256 864 326">
    <p class='ocr_par' dir='ltr' id='par_1_1' title="bbox 646 256 864 326">
     <span class='ocr_line' id='line_1_1' title="bbox 646 256 864 326; baseline 0 -18"><span class='ocrx_word' id='word_1_1' title='bbox 646 256 864 326; x_wconf 67' lang='lat'>..22-</span> 
     </span>
    </p>
   </div>
   <div class='ocr_carea' id='block_1_2' title="bbox 196 442 1350 2074">
    <p class='ocr_par' dir='ltr' id='par_1_2' title="bbox 223 442 1294 1460">
     <span class='ocr_line' id='line_1_2' title="bbox 227 442 1290 527; baseline 0 -15"><span class='ocrx_word' id='word_1_2' title='bbox 227 465 302 512; x_wconf 78' lang='lat' dir='ltr'>»eur</span> <span class='ocrx_word' id='word_1_3' title='bbox 324 450 430 512; x_wconf 91' lang='lat' dir='ltr'>autem</span> <span class='ocrx_word' id='word_1_4' title='bbox 454 443 608 512; x_wconf 86' lang='lat' dir='ltr'>terribilia</span> <span class='ocrx_word' id='word_1_5' title='bbox 630 444 716 510; x_wconf 88' lang='lat' dir='ltr'>oanis</span> <span class='ocrx_word' id='word_1_6' title='bbox 743 442 880 510; x_wconf 63' lang='lat' dir='ltr'>Maesta</span> <span class='ocrx_word' id='word_1_7' title='bbox 902 461 978 510; x_wconf 88' lang='lat' dir='ltr'>voce</span> <span class='ocrx_word' id='word_1_8' title='bbox 1000 444 1094 527; x_wconf 89' lang='lat' dir='ltr'>idque</span> <span class='ocrx_word' id='word_1_9' title='bbox 1115 445 1290 518; x_wconf 81' lang='lat' dir='ltr'>numerosis</span> 
     </span>
     <span class='ocr_line' id='line_1_3' title="bbox 223 546 1292 630; baseline -0.001 -14"><span class='ocrx_word' id='word_1_10' title='bbox 223 550 293 616; x_wconf 89' lang='lat' dir='ltr'>istis</span> <span class='ocrx_word' id='word_1_11' title='bbox 316 566 387 614; x_wconf 90' lang='lat' dir='ltr'>cnm</span> <span class='ocrx_word' id='word_1_12' title='bbox 409 548 509 614; x_wconf 89' lang='lat' dir='ltr'>modis</span> <span class='ocrx_word' id='word_1_13' title='bbox 534 547 617 614; x_wconf 90' lang='lat' dir='ltr'>clare</span> <span class='ocrx_word' id='word_1_14' title='bbox 639 551 811 630; x_wconf 80' lang='lat' dir='ltr'>arguteque</span> <span class='ocrx_word' id='word_1_15' title='bbox 834 546 1056 614; x_wconf 76' lang='lat' dir='ltr'>sonanubust«</span> <span class='ocrx_word' id='word_1_16' title='bbox 1081 553 1115 616; x_wconf 73' lang='grc' dir='ltr'>τί</span> <span class='ocrx_word' id='word_1_17' title='bbox 1131 549 1292 630; x_wconf 66' lang='lat' dir='ltr'>t’trleolla</span> 
     </span>
     <span class='ocr_line' id='line_1_4' title="bbox 224 649 1291 735; baseline -0.002 -17"><span class='ocrx_word' id='word_1_18' title='bbox 224 654 286 718; x_wconf 88' lang='lat' dir='ltr'>iam</span> <span class='ocrx_word' id='word_1_19' title='bbox 318 652 516 718; x_wconf 86' lang='lat' dir='ltr'>Hermannus</span> <span class='ocrx_word' id='word_1_20' title='bbox 555 655 719 733; x_wconf 88' lang='lat' dir='ltr'>praestare</span> <span class='ocrx_word' id='word_1_21' title='bbox 756 650 917 718; x_wconf 82' lang='lat' dir='ltr'><strong>adnotavit</strong></span> <span class='ocrx_word' id='word_1_22' title='bbox 953 670 1048 733; x_wconf 92' lang='lat' dir='ltr'>quam</span> <span class='ocrx_word' id='word_1_23' title='bbox 1084 649 1167 735; x_wconf 86' lang='lat' dir='ltr'>quod</span> <span class='ocrx_word' id='word_1_24' title='bbox 1198 651 1291 734; x_wconf 62' lang='lat' dir='ltr'>vomo</span> 
     </span>
     <span class='ocr_line' id='line_1_5' title="bbox 224 752 1292 838; baseline -0.002 -16"><span class='ocrx_word' id='word_1_25' title='bbox 224 755 338 838; x_wconf 81' lang='lat' dir='ltr'>legitur</span> <span class='ocrx_word' id='word_1_26' title='bbox 359 755 397 822; x_wconf 71' lang='lat' dir='ltr'>rei</span> <span class='ocrx_word' id='word_1_27' title='bbox 420 756 597 836; x_wconf 70' lang='grc' dir='ltr'><strong><em>δ’ἑπίφοβατ</em></strong></span> <span class='ocrx_word' id='word_1_28' title='bbox 620 753 693 837; x_wconf 72' lang='grc' dir='ltr'>ὁμοῦ</span> <span class='ocrx_word' id='word_1_29' title='bbox 715 753 798 838; x_wconf 91' lang='lat' dir='ltr'>quod</span> <span class='ocrx_word' id='word_1_30' title='bbox 819 752 938 820; x_wconf 88' lang='lat' dir='ltr'>habent</span> <span class='ocrx_word' id='word_1_31' title='bbox 959 754 1032 820; x_wconf 87' lang='lat' dir='ltr'>libri</span> <span class='ocrx_word' id='word_1_32' title='bbox 1053 773 1091 822; x_wconf 82' lang='lat' dir='ltr'>en</span> <span class='ocrx_word' id='word_1_33' title='bbox 1104 754 1292 836; x_wconf 77' lang='lat' dir='ltr'><strong>glossemate</strong></span> 
     </span>
     <span class='ocr_line' id='line_1_6' title="bbox 225 855 1293 941; baseline 0.004 -19"><span class='ocrx_word' id='word_1_34' title='bbox 225 857 450 941; x_wconf 82' lang='lat' dir='ltr'>praepositioni</span> <span class='ocrx_word' id='word_1_35' title='bbox 471 858 525 926; x_wconf 73' lang='grc' dir='ltr'>σύν</span> <span class='ocrx_word' id='word_1_36' title='bbox 548 857 761 941; x_wconf 81' lang='lat' dir='ltr'>superscripto</span> <span class='ocrx_word' id='word_1_37' title='bbox 784 863 887 922; x_wconf 88' lang='lat' dir='ltr'>ortum</span> <span class='ocrx_word' id='word_1_38' title='bbox 909 856 1047 924; x_wconf 84' lang='lat' dir='ltr'>videtur:</span> <span class='ocrx_word' id='word_1_39' title='bbox 1080 860 1104 925; x_wconf 78' lang='grc' dir='ltr'>τ’</span> <span class='ocrx_word' id='word_1_40' title='bbox 1127 864 1201 941; x_wconf 87' lang='lat' dir='ltr'>post</span> <span class='ocrx_word' id='word_1_41' title='bbox 1222 855 1293 941; x_wconf 74' lang='grc' dir='ltr'>ὄμοῢ</span> 
     </span>
     <span class='ocr_line' id='line_1_7' title="bbox 225 959 1292 1044; baseline 0 -18"><span class='ocrx_word' id='word_1_42' title='bbox 225 959 330 1026; x_wconf 81' lang='lat' dir='ltr'>hiatus</span> <span class='ocrx_word' id='word_1_43' title='bbox 358 959 489 1026; x_wconf 91' lang='lat' dir='ltr'>tollendi</span> <span class='ocrx_word' id='word_1_44' title='bbox 517 977 611 1026; x_wconf 81' lang='lat' dir='ltr'>cama</span> <span class='ocrx_word' id='word_1_45' title='bbox 642 959 839 1042; x_wconf 89' lang='lat' dir='ltr'>suppositum</span> <span class='ocrx_word' id='word_1_46' title='bbox 873 964 1017 1044; x_wconf 89' lang='lat' dir='ltr'>apparet:</span> <span class='ocrx_word' id='word_1_47' title='bbox 1062 959 1292 1044; x_wconf 79' lang='lat' dir='ltr'>praepositione</span> 
     </span>
     <span class='ocr_line' id='line_1_8' title="bbox 226 1060 1293 1146; baseline -0.004 -14"><span class='ocrx_word' id='word_1_48' title='bbox 226 1063 279 1132; x_wconf 75' lang='grc' dir='ltr'>σόν</span> <span class='ocrx_word' id='word_1_49' title='bbox 312 1062 410 1129; x_wconf 90' lang='lat' dir='ltr'>semel</span> <span class='ocrx_word' id='word_1_50' title='bbox 446 1061 574 1128; x_wconf 89' lang='lat' dir='ltr'>detrusa</span> <span class='ocrx_word' id='word_1_51' title='bbox 608 1081 666 1144; x_wconf 91' lang='lat' dir='ltr'>pro</span> <span class='ocrx_word' id='word_1_52' title='bbox 696 1080 794 1144; x_wconf 91' lang='lat' dir='ltr'>eaque</span> <span class='ocrx_word' id='word_1_53' title='bbox 825 1060 897 1145; x_wconf 78' lang='grc' dir='ltr'>δμνῢ</span> <span class='ocrx_word' id='word_1_54' title='bbox 924 1064 948 1130; x_wconf 81' lang='grc' dir='ltr'>τ’</span> <span class='ocrx_word' id='word_1_55' title='bbox 978 1069 1105 1146; x_wconf 89' lang='lat' dir='ltr'>recepto</span> <span class='ocrx_word' id='word_1_56' title='bbox 1133 1061 1200 1130; x_wconf 85' lang='lat' dir='ltr'>fieri</span> <span class='ocrx_word' id='word_1_57' title='bbox 1231 1079 1293 1129; x_wconf 91' lang='lat' dir='ltr'>non</span> 
     </span>
     <span class='ocr_line' id='line_1_9' title="bbox 228 1163 1294 1254; baseline 0.001 -23"><span class='ocrx_word' id='word_1_58' title='bbox 228 1166 333 1250; x_wconf 75' lang='lat' dir='ltr'>potuit</span> <span class='ocrx_word' id='word_1_59' title='bbox 355 1166 429 1249; x_wconf 82' lang='lat' dir='ltr'>quin</span> <span class='ocrx_word' id='word_1_60' title='bbox 452 1168 591 1253; x_wconf 69' lang='grc' dir='ltr'><strong><em>ὂρθίονσνν</em></strong></span> <span class='ocrx_word' id='word_1_61' title='bbox 611 1163 710 1246; x_wconf 72' lang='grc' dir='ltr'><strong><em>νόμοις</em></strong></span> <span class='ocrx_word' id='word_1_62' title='bbox 731 1165 763 1230; x_wconf 89' lang='lat' dir='ltr'>in</span> <span class='ocrx_word' id='word_1_63' title='bbox 787 1167 894 1254; x_wconf 65' lang='grc' dir='ltr'>ὀρθίοις</span> <span class='ocrx_word' id='word_1_64' title='bbox 909 1173 941 1236; x_wconf 77' lang='grc' dir='ltr'>ἐν</span> <span class='ocrx_word' id='word_1_65' title='bbox 954 1170 1051 1250; x_wconf 77' lang='grc' dir='ltr'><strong><em>νόμοις</em></strong></span> <span class='ocrx_word' id='word_1_66' title='bbox 1064 1166 1294 1249; x_wconf 69' lang='lat' dir='ltr'>discblperetur</span> 
     </span>
     <span class='ocr_line' id='line_1_10' title="bbox 227 1269 1293 1358; baseline -0.003 -20"><span class='ocrx_word' id='word_1_67' title='bbox 227 1271 348 1358; x_wconf 67' lang='grc' dir='ltr'>(ὀρθίοις</span> <span class='ocrx_word' id='word_1_68' title='bbox 370 1269 500 1352; x_wconf 77' lang='grc' dir='ltr'><strong><em>ἐννὸμονς</em></strong></span> <span class='ocrx_word' id='word_1_69' title='bbox 521 1269 590 1334; x_wconf 86' lang='lat' dir='ltr'>Ald.</span> <span class='ocrx_word' id='word_1_70' title='bbox 614 1275 645 1334; x_wconf 78' lang='lat' dir='ltr'>et</span> <span class='ocrx_word' id='word_1_71' title='bbox 668 1269 774 1354; x_wconf 85' lang='lat' dir='ltr'>R0b‚):</span> <span class='ocrx_word' id='word_1_72' title='bbox 806 1288 876 1335; x_wconf 87' lang='lat' dir='ltr'>cum</span> <span class='ocrx_word' id='word_1_73' title='bbox 899 1271 1006 1358; x_wconf 74' lang='grc' dir='ltr'>ὀρθίοις</span> <span class='ocrx_word' id='word_1_74' title='bbox 1027 1271 1081 1338; x_wconf 73' lang='grc' dir='ltr'>σὸν</span> <span class='ocrx_word' id='word_1_75' title='bbox 1103 1271 1199 1352; x_wconf 71' lang='grc' dir='ltr'><strong><em>νόμοις</em></strong></span> <span class='ocrx_word' id='word_1_76' title='bbox 1222 1287 1293 1336; x_wconf 81' lang='lat' dir='ltr'>uon·</span> 
     </span>
     <span class='ocr_line' id='line_1_11' title="bbox 226 1370 1069 1460; baseline 0.001 -23"><span class='ocrx_word' id='word_1_77' title='bbox 226 1370 395 1439; x_wconf 73' lang='lat' dir='ltr'>loratino.</span> <span class='ocrx_word' id='word_1_78' title='bbox 419 1391 443 1438; x_wconf 88' lang='lat' dir='ltr'>e.</span> <span class='ocrx_word' id='word_1_79' title='bbox 466 1372 521 1440; x_wconf 70' lang='lat' dir='ltr'>obv</span> <span class='ocrx_word' id='word_1_80' title='bbox 543 1374 673 1460; x_wconf 69' lang='grc' dir='ltr'><em>δακρρως</em></span> <span class='ocrx_word' id='word_1_81' title='bbox 696 1392 723 1436; x_wconf 91' lang='lat' dir='ltr'>v.</span> <span class='ocrx_word' id='word_1_82' title='bbox 747 1371 841 1454; x_wconf 81' lang='lat'><strong>1514,</strong></span> <span class='ocrx_word' id='word_1_83' title='bbox 865 1373 926 1440; x_wconf 90' lang='lat' dir='ltr'>alia</span> <span class='ocrx_word' id='word_1_84' title='bbox 948 1372 1069 1440; x_wconf 89' lang='lat' dir='ltr'>similia.</span> 
     </span>
    </p>

    <p class='ocr_par' dir='ltr' id='par_1_3' title="bbox 196 1473 1350 2074">
     <span class='ocr_line' id='line_1_12' title="bbox 330 1473 1294 1564; baseline 0.001 -25"><span class='ocrx_word' id='word_1_85' title='bbox 330 1473 428 1541; x_wconf 90' lang='lat' dir='ltr'>Medii</span> <span class='ocrx_word' id='word_1_86' title='bbox 448 1474 583 1542; x_wconf 89' lang='lat' dir='ltr'>formam</span> <span class='ocrx_word' id='word_1_87' title='bbox 605 1476 804 1564; x_wconf 73' lang='grc' dir='ltr'>περεβίιλοντο</span> <span class='ocrx_word' id='word_1_88' title='bbox 826 1476 880 1560; x_wconf 82' lang='lat' dir='ltr'>qm</span> <span class='ocrx_word' id='word_1_89' title='bbox 894 1475 1030 1542; x_wconf 85' lang='lat' dir='ltr'>retinent</span> <span class='ocrx_word' id='word_1_90' title='bbox 1043 1475 1167 1540; x_wconf 83' lang='lat' dir='ltr'>v.1106</span> <span class='ocrx_word' id='word_1_91' title='bbox 1185 1478 1294 1557; x_wconf 87' lang='lat' dir='ltr'>utpote</span> 
     </span>
     <span class='ocr_line' id='line_1_13' title="bbox 229 1573 1295 1659; baseline -0.002 -19"><span class='ocrx_word' id='word_1_92' title='bbox 229 1573 358 1642; x_wconf 81' lang='lat' dir='ltr'>olibrio</span> <span class='ocrx_word' id='word_1_93' title='bbox 382 1576 545 1656; x_wconf 82' lang='lat' dir='ltr'>traditam,</span> <span class='ocrx_word' id='word_1_94' title='bbox 568 1576 682 1642; x_wconf 84' lang='lat' dir='ltr'>bacin</span> <span class='ocrx_word' id='word_1_95' title='bbox 705 1575 860 1659; x_wconf 86' lang='lat' dir='ltr'>scriptura</span> <span class='ocrx_word' id='word_1_96' title='bbox 884 1577 1048 1642; x_wconf 90' lang='lat' dir='ltr'>connivere</span> <span class='ocrx_word' id='word_1_97' title='bbox 1070 1575 1175 1658; x_wconf 89' lang='lat' dir='ltr'>potins</span> <span class='ocrx_word' id='word_1_98' title='bbox 1188 1573 1295 1645; x_wconf 80' lang='lat' dir='ltr'>viden-</span> 
     </span>
     <span class='ocr_line' id='line_1_14' title="bbox 228 1677 1350 1761; baseline 0.006 -18"><span class='ocrx_word' id='word_1_99' title='bbox 228 1683 280 1744; x_wconf 89' lang='lat' dir='ltr'>tur</span> <span class='ocrx_word' id='word_1_100' title='bbox 303 1698 394 1761; x_wconf 89' lang='lat' dir='ltr'>quarn</span> <span class='ocrx_word' id='word_1_101' title='bbox 419 1680 623 1761; x_wconf 87' lang='lat' dir='ltr'>comprobare</span> <span class='ocrx_word' id='word_1_102' title='bbox 653 1699 735 1760; x_wconf 91' lang='lat' dir='ltr'>oam;</span> <span class='ocrx_word' id='word_1_103' title='bbox 764 1699 838 1746; x_wconf 91' lang='lat' dir='ltr'>nam</span> <span class='ocrx_word' id='word_1_104' title='bbox 859 1699 922 1746; x_wconf 91' lang='lat' dir='ltr'>uno</span> <span class='ocrx_word' id='word_1_105' title='bbox 945 1681 1058 1746; x_wconf 89' lang='lat' dir='ltr'>saltem</span> <span class='ocrx_word' id='word_1_106' title='bbox 1079 1681 1148 1746; x_wconf 90' lang='lat' dir='ltr'>loco</span> <span class='ocrx_word' id='word_1_107' title='bbox 1171 1677 1294 1744; x_wconf 87' lang='lat' dir='ltr'>aliunde</span> <span class='ocrx_word' id='word_1_108' title='bbox 1348 1741 1350 1750; x_wconf 31' lang='lat' dir='ltr'>s</span> 
     </span>
     <span class='ocr_line' id='line_1_15' title="bbox 229 1781 1296 1850; baseline 0 -2"><span class='ocrx_word' id='word_1_109' title='bbox 229 1782 323 1848; x_wconf 88' lang='lat' dir='ltr'>allato</span> <span class='ocrx_word' id='word_1_110' title='bbox 347 1784 442 1850; x_wconf 87' lang='lat' dir='ltr'>talem</span> <span class='ocrx_word' id='word_1_111' title='bbox 475 1783 597 1850; x_wconf 88' lang='lat' dir='ltr'>dicendi</span> <span class='ocrx_word' id='word_1_112' title='bbox 626 1783 822 1850; x_wconf 87' lang='lat' dir='ltr'>insolentiam</span> <span class='ocrx_word' id='word_1_113' title='bbox 853 1781 1037 1850; x_wconf 88' lang='lat' dir='ltr'>confirmare</span> <span class='ocrx_word' id='word_1_114' title='bbox 1067 1782 1232 1849; x_wconf 88' lang='lat' dir='ltr'>debebant.</span> <span class='ocrx_word' id='word_1_115' title='bbox 1263 1787 1296 1848; x_wconf 89' lang='lat' dir='ltr'>at</span> 
     </span>
     <span class='ocr_line' id='line_1_16' title="bbox 228 1885 1297 1971; baseline 0 -21"><span class='ocrx_word' id='word_1_116' title='bbox 228 1885 261 1950; x_wconf 93' lang='lat' dir='ltr'>in</span> <span class='ocrx_word' id='word_1_117' title='bbox 285 1885 474 1952; x_wconf 83' lang='lat' dir='ltr'>contrarium</span> <span class='ocrx_word' id='word_1_118' title='bbox 497 1887 602 1954; x_wconf 85' lang='lat' dir='ltr'>valent</span> <span class='ocrx_word' id='word_1_119' title='bbox 630 1887 692 1952; x_wconf 91' lang='lat' dir='ltr'>duo</span> <span class='ocrx_word' id='word_1_120' title='bbox 724 1905 801 1971; x_wconf 87' lang='lat' dir='ltr'>quos</span> <span class='ocrx_word' id='word_1_121' title='bbox 832 1887 1015 1971; x_wconf 86' lang='lat' dir='ltr'>apposuisse</span> <span class='ocrx_word' id='word_1_122' title='bbox 1043 1886 1120 1954; x_wconf 90' lang='lat' dir='ltr'>eatis</span> <span class='ocrx_word' id='word_1_123' title='bbox 1149 1886 1210 1952; x_wconf 87' lang='lat' dir='ltr'>erit</span> <span class='ocrx_word' id='word_1_124' title='bbox 1236 1886 1297 1951; x_wconf 90' lang='lat' dir='ltr'>loci</span> 
     </span>
     <span class='ocr_line' id='line_1_17' title="bbox 196 1988 614 2074; baseline 0 -20"><span class='ocrx_word' id='word_1_125' title='bbox 196 2055 205 2066; x_wconf 73' lang='grc'><em>,</em></span> <span class='ocrx_word' id='word_1_126' title='bbox 230 1988 401 2056; x_wconf 74' lang='lat' dir='ltr'>simonidei</span> <span class='ocrx_word' id='word_1_127' title='bbox 423 1990 455 2056; x_wconf 91' lang='lat' dir='ltr'>in</span> <span class='ocrx_word' id='word_1_128' title='bbox 477 1988 535 2074; x_wconf 82' lang='lat' dir='ltr'>srg.</span> <span class='ocrx_word' id='word_1_129' title='bbox 559 1995 614 2056; x_wconf 82' lang='lat'>96:</span> 
     </span>
    </p>
   </div>
   <div class='ocr_carea' id='block_1_3' title="bbox 371 2105 1173 2336">
    <p class='ocr_par' dir='ltr' id='par_1_4' title="bbox 371 2105 1173 2336">
     <span class='ocr_line' id='line_1_18' title="bbox 371 2105 1173 2239; baseline -0.005 -22"><span class='ocrx_word' id='word_1_130' title='bbox 371 2149 538 2230; x_wconf 79' lang='grc' dir='ltr'><strong><em>Ἃσβεστον</em></strong></span> <span class='ocrx_word' id='word_1_131' title='bbox 559 2105 644 2224; x_wconf 60' lang='lat' dir='ltr'>allec</span> <span class='ocrx_word' id='word_1_132' title='bbox 665 2151 722 2216; x_wconf 72' lang='lat' dir='ltr'>olla</span> <span class='ocrx_word' id='word_1_133' title='bbox 743 2151 818 2239; x_wconf 66' lang='grc' dir='ltr'>φίλῃ</span> <span class='ocrx_word' id='word_1_134' title='bbox 839 2149 907 2235; x_wconf 72' lang='grc' dir='ltr'>περὶ</span> <span class='ocrx_word' id='word_1_135' title='bbox 929 2150 1043 2233; x_wconf 73' lang='grc' dir='ltr'>πατρίδι</span> <span class='ocrx_word' id='word_1_136' title='bbox 1066 2149 1173 2223; x_wconf 74' lang='grc' dir='ltr'><strong><em>θέντες</em></strong></span> 
     </span>
     <span class='ocr_line' id='line_1_19' title="bbox 431 2249 1053 2336; baseline 0.003 -19"><span class='ocrx_word' id='word_1_137' title='bbox 431 2251 550 2319; x_wconf 72' lang='grc' dir='ltr'><strong><em>κυάνεον</em></strong></span> <span class='ocrx_word' id='word_1_138' title='bbox 571 2249 707 2319; x_wconf 63' lang='grc' dir='ltr'>θανάτου</span> <span class='ocrx_word' id='word_1_139' title='bbox 728 2251 942 2336; x_wconf 61' lang='lat' dir='ltr'>spectatam</span> <span class='ocrx_word' id='word_1_140' title='bbox 963 2257 1053 2330; x_wconf 60' lang='grc' dir='ltr'><strong><em>νέφος</em></strong></span> 
     </span>
    </p>
   </div>
   <div class='ocr_carea' id='block_1_4' title="bbox 233 2404 448 2488">
    <p class='ocr_par' dir='ltr' id='par_1_5' title="bbox 233 2404 448 2488">
     <span class='ocr_line' id='line_1_20' title="bbox 233 2404 448 2488; baseline -0.005 -16"><span class='ocrx_word' id='word_1_141' title='bbox 233 2410 266 2472; x_wconf 84' lang='lat' dir='ltr'>et</span> <span class='ocrx_word' id='word_1_142' title='bbox 286 2404 345 2488; x_wconf 82' lang='lat' dir='ltr'>frg.</span> <span class='ocrx_word' id='word_1_143' title='bbox 369 2407 448 2474; x_wconf 88' lang='lat'>103:</span> 
     </span>
    </p>
   </div>
   <div class='ocr_carea' id='block_1_5' title="bbox 381 2555 1193 2776">
    <p class='ocr_par' dir='ltr' id='par_1_6' title="bbox 381 2555 1193 2776">
     <span class='ocr_line' id='line_1_21' title="bbox 381 2555 1193 2646; baseline 0 -14"><span class='ocrx_word' id='word_1_144' title='bbox 381 2555 476 2638; x_wconf 63' lang='grc' dir='ltr'>Οὗτος</span> <span class='ocrx_word' id='word_1_145' title='bbox 495 2566 692 2646; x_wconf 73' lang='grc' dir='ltr'><strong><em>Ἀδειμάντου</em></strong></span> <span class='ocrx_word' id='word_1_146' title='bbox 713 2569 805 2633; x_wconf 73' lang='grc' dir='ltr'><strong><em>κείνου</em></strong></span> <span class='ocrx_word' id='word_1_147' title='bbox 827 2565 937 2646; x_wconf 74' lang='grc' dir='ltr'><em>τάφος,</em></span> <span class='ocrx_word' id='word_1_148' title='bbox 960 2555 991 2631; x_wconf 69' lang='grc' dir='ltr'>οὗ</span> <span class='ocrx_word' id='word_1_149' title='bbox 1014 2563 1061 2630; x_wconf 71' lang='grc' dir='ltr'>διὰ</span> <span class='ocrx_word' id='word_1_150' title='bbox 1082 2563 1193 2646; x_wconf 63' lang='grc' dir='ltr'><strong><em>βουλὰς</em></strong></span> 
     </span>
     <span class='ocr_line' id='line_1_22' title="bbox 430 2667 1098 2776; baseline -0.004 -40"><span class='ocrx_word' id='word_1_151' title='bbox 430 2667 543 2743; x_wconf 66' lang='grc' dir='ltr'>Ἑλλὰς</span> <span class='ocrx_word' id='word_1_152' title='bbox 565 2671 735 2757; x_wconf 65' lang='grc' dir='ltr'>ἐλευθερίοις</span> <span class='ocrx_word' id='word_1_153' title='bbox 758 2670 920 2776; x_wconf 56' lang='grc' dir='ltr'>ἀμφέθετο</span> <span class='ocrx_word' id='word_1_154' title='bbox 941 2676 1098 2750; x_wconf 77' lang='grc' dir='ltr'><strong><em>στέφανον.</em></strong></span> 
     </span>
    </p>
   </div>
   <div class='ocr_carea' id='block_1_6' title="bbox 233 2822 1308 4138">
    <p class='ocr_par' dir='ltr' id='par_1_7' title="bbox 233 2822 1306 3738">
     <span class='ocr_line' id='line_1_23' title="bbox 233 2822 1301 2909; baseline 0.001 -23"><span class='ocrx_word' id='word_1_155' title='bbox 233 2822 318 2888; x_wconf 91' lang='lat' dir='ltr'>nullo</span> <span class='ocrx_word' id='word_1_156' title='bbox 340 2822 436 2905; x_wconf 85' lang='lat' dir='ltr'>igitur</span> <span class='ocrx_word' id='word_1_157' title='bbox 462 2828 554 2905; x_wconf 90' lang='lat' dir='ltr'>paeto</span> <span class='ocrx_word' id='word_1_158' title='bbox 581 2824 755 2906; x_wconf 88' lang='lat' dir='ltr'>Aeschylus</span> <span class='ocrx_word' id='word_1_159' title='bbox 783 2823 921 2889; x_wconf 88' lang='lat' dir='ltr'>scribere</span> <span class='ocrx_word' id='word_1_160' title='bbox 950 2823 1053 2906; x_wconf 90' lang='lat' dir='ltr'>potuit</span> <span class='ocrx_word' id='word_1_161' title='bbox 1080 2830 1107 2890; x_wconf 81' lang='grc' dir='ltr'>οἱ</span> <span class='ocrx_word' id='word_1_162' title='bbox 1125 2822 1194 2890; x_wconf 69' lang='lat' dir='ltr'>brol</span> <span class='ocrx_word' id='word_1_163' title='bbox 1215 2847 1301 2909; x_wconf 72' lang='grc' dir='ltr'><strong><em>περε-</em></strong></span> 
     </span>
     <span class='ocr_line' id='line_1_24' title="bbox 234 2923 1302 3016; baseline -0.001 -24"><span class='ocrx_word' id='word_1_164' title='bbox 234 2923 361 3009; x_wconf 78' lang='grc' dir='ltr'><strong><em>βίιλοντό</em></strong></span> <span class='ocrx_word' id='word_1_165' title='bbox 391 2935 418 2994; x_wconf 82' lang='lat' dir='ltr'>or‘</span> <span class='ocrx_word' id='word_1_166' title='bbox 444 2927 474 2992; x_wconf 87' lang='lat' dir='ltr'>h.</span> <span class='ocrx_word' id='word_1_167' title='bbox 503 2945 529 2994; x_wconf 83' lang='lat' dir='ltr'>e.</span> <span class='ocrx_word' id='word_1_168' title='bbox 557 2927 652 3014; x_wconf 70' lang='grc' dir='ltr'><strong><em>ἀηδὸνν</em></strong></span> <span class='ocrx_word' id='word_1_169' title='bbox 690 2927 867 3016; x_wconf 72' lang='grc' dir='ltr'><strong><em>πτεροφόρον</em></strong></span> <span class='ocrx_word' id='word_1_170' title='bbox 903 2932 1003 3009; x_wconf 79' lang='grc' dir='ltr'><em>δέμας.</em></span> <span class='ocrx_word' id='word_1_171' title='bbox 1040 2927 1097 2994; x_wconf 77' lang='lat' dir='ltr'>sed</span> <span class='ocrx_word' id='word_1_172' title='bbox 1124 2927 1157 2994; x_wconf 86' lang='lat' dir='ltr'>in</span> <span class='ocrx_word' id='word_1_173' title='bbox 1186 2925 1302 2992; x_wconf 82' lang='lat' dir='ltr'>codicis</span> 
     </span>
     <span class='ocr_line' id='line_1_25' title="bbox 234 3029 1303 3121; baseline -0.001 -27"><span class='ocrx_word' id='word_1_174' title='bbox 234 3029 316 3096; x_wconf 83' lang='lat' dir='ltr'>Med.</span> <span class='ocrx_word' id='word_1_175' title='bbox 349 3031 481 3098; x_wconf 91' lang='lat' dir='ltr'>lectione</span> <span class='ocrx_word' id='word_1_176' title='bbox 514 3051 593 3116; x_wconf 90' lang='lat' dir='ltr'>quae</span> <span class='ocrx_word' id='word_1_177' title='bbox 623 3038 672 3099; x_wconf 91' lang='lat' dir='ltr'>est</span> <span class='ocrx_word' id='word_1_178' title='bbox 706 3034 904 3116; x_wconf 69' lang='grc' dir='ltr'><strong><em>πενεβέλοντο</em></strong></span> <span class='ocrx_word' id='word_1_179' title='bbox 938 3031 995 3121; x_wconf 67' lang='grc' dir='ltr'>γάρ</span> <span class='ocrx_word' id='word_1_180' title='bbox 1027 3042 1054 3100; x_wconf 73' lang='grc' dir='ltr'>οἱ</span> <span class='ocrx_word' id='word_1_181' title='bbox 1079 3036 1220 3097; x_wconf 82' lang='lat' dir='ltr'>extrema</span> <span class='ocrx_word' id='word_1_182' title='bbox 1247 3029 1303 3094; x_wconf 87' lang='lat' dir='ltr'>illa</span> 
     </span>
     <span class='ocr_line' id='line_1_26' title="bbox 235 3133 1303 3219; baseline -0.003 -20"><span class='ocrx_word' id='word_1_183' title='bbox 235 3134 355 3218; x_wconf 86' lang='lat' dir='ltr'>syllaba</span> <span class='ocrx_word' id='word_1_184' title='bbox 383 3175 423 3184; x_wconf 83' lang='lat'>-</span> <span class='ocrx_word' id='word_1_185' title='bbox 452 3164 484 3204; x_wconf 73' lang='lat' dir='ltr'>eo</span> <span class='ocrx_word' id='word_1_186' title='bbox 513 3136 558 3201; x_wconf 94' lang='lat' dir='ltr'>nil</span> <span class='ocrx_word' id='word_1_187' title='bbox 586 3136 671 3202; x_wconf 77' lang='lat' dir='ltr'>ahud</span> <span class='ocrx_word' id='word_1_188' title='bbox 707 3136 816 3202; x_wconf 87' lang='lat' dir='ltr'>haberi</span> <span class='ocrx_word' id='word_1_189' title='bbox 850 3141 969 3219; x_wconf 85' lang='lat' dir='ltr'>potest,</span> <span class='ocrx_word' id='word_1_190' title='bbox 1007 3134 1101 3219; x_wconf 83' lang='lat' dir='ltr'>quam</span> <span class='ocrx_word' id='word_1_191' title='bbox 1138 3133 1303 3214; x_wconf 82' lang='lat' dir='ltr'>contiguae</span> 
     </span>
     <span class='ocr_line' id='line_1_27' title="bbox 235 3226 1303 3330; baseline -0.003 -24"><span class='ocrx_word' id='word_1_192' title='bbox 235 3239 374 3323; x_wconf 89' lang='lat' dir='ltr'>syllabae</span> <span class='ocrx_word' id='word_1_193' title='bbox 396 3244 452 3330; x_wconf 69' lang='lat' dir='ltr'>pap</span> <span class='ocrx_word' id='word_1_194' title='bbox 474 3239 514 3307; x_wconf 93' lang='lat' dir='ltr'>ob</span> <span class='ocrx_word' id='word_1_195' title='bbox 540 3242 702 3308; x_wconf 88' lang='lat' dir='ltr'>literarum</span> <span class='ocrx_word' id='word_1_196' title='bbox 726 3239 960 3306; x_wconf 90' lang='lat' dir='ltr'>similitudinem</span> <span class='ocrx_word' id='word_1_197' title='bbox 983 3226 1196 3324; x_wconf 67' lang='lat' dir='ltr'>(TO-lory</span> <span class='ocrx_word' id='word_1_198' title='bbox 1231 3253 1303 3318; x_wconf 86' lang='lat' dir='ltr'>per-</span> 
     </span>
     <span class='ocr_line' id='line_1_28' title="bbox 235 3338 1306 3426; baseline -0.006 -18"><span class='ocrx_word' id='word_1_199' title='bbox 235 3361 344 3426; x_wconf 89' lang='lat' dir='ltr'>peram</span> <span class='ocrx_word' id='word_1_200' title='bbox 372 3343 457 3410; x_wconf 87' lang='lat' dir='ltr'>lacta</span> <span class='ocrx_word' id='word_1_201' title='bbox 482 3343 615 3410; x_wconf 90' lang='lat' dir='ltr'>iteratio.</span> <span class='ocrx_word' id='word_1_202' title='bbox 646 3361 740 3426; x_wconf 91' lang='lat' dir='ltr'>quam</span> <span class='ocrx_word' id='word_1_203' title='bbox 772 3341 812 3406; x_wconf 93' lang='lat' dir='ltr'>ob</span> <span class='ocrx_word' id='word_1_204' title='bbox 842 3359 910 3407; x_wconf 89' lang='lat' dir='ltr'>rem</span> <span class='ocrx_word' id='word_1_205' title='bbox 941 3340 994 3406; x_wconf 83' lang='lat' dir='ltr'>rix</span> <span class='ocrx_word' id='word_1_206' title='bbox 1026 3338 1163 3406; x_wconf 87' lang='lat' dir='ltr'>dubitari</span> <span class='ocrx_word' id='word_1_207' title='bbox 1198 3341 1306 3420; x_wconf 87' lang='lat' dir='ltr'>potest</span> 
     </span>
     <span class='ocr_line' id='line_1_29' title="bbox 237 3440 1305 3536; baseline -0.007 -24"><span class='ocrx_word' id='word_1_208' title='bbox 237 3448 311 3530; x_wconf 82' lang='lat' dir='ltr'>qrrin</span> <span class='ocrx_word' id='word_1_209' title='bbox 334 3451 499 3536; x_wconf 60' lang='grc' dir='ltr'><strong><em>περέβαλον</em></strong></span> <span class='ocrx_word' id='word_1_210' title='bbox 521 3448 578 3534; x_wconf 68' lang='grc' dir='ltr'>γάρ</span> <span class='ocrx_word' id='word_1_211' title='bbox 600 3455 626 3514; x_wconf 75' lang='lat' dir='ltr'>et</span> <span class='ocrx_word' id='word_1_212' title='bbox 647 3485 690 3494; x_wconf 90' lang='lat'><em>-</em></span> <span class='ocrx_word' id='word_1_213' title='bbox 712 3463 774 3512; x_wconf 90' lang='lat' dir='ltr'>una</span> <span class='ocrx_word' id='word_1_214' title='bbox 797 3444 880 3510; x_wconf 91' lang='lat' dir='ltr'>enim</span> <span class='ocrx_word' id='word_1_215' title='bbox 902 3443 1023 3527; x_wconf 88' lang='lat' dir='ltr'>syllaba</span> <span class='ocrx_word' id='word_1_216' title='bbox 1043 3442 1166 3524; x_wconf 80' lang='lat' dir='ltr'>longius</span> <span class='ocrx_word' id='word_1_217' title='bbox 1183 3440 1305 3506; x_wconf 86' lang='lat' dir='ltr'>extensi</span> 
     </span>
     <span class='ocr_line' id='line_1_30' title="bbox 236 3542 1305 3630; baseline -0.007 -14"><span class='ocrx_word' id='word_1_218' title='bbox 236 3554 311 3616; x_wconf 88' lang='lat' dir='ltr'>sunt</span> <span class='ocrx_word' id='word_1_219' title='bbox 338 3549 392 3616; x_wconf 92' lang='lat' dir='ltr'>isti</span> <span class='ocrx_word' id='word_1_220' title='bbox 421 3550 544 3616; x_wconf 85' lang='lat' dir='ltr'>numeri</span> <span class='ocrx_word' id='word_1_221' title='bbox 573 3587 617 3600; x_wconf 85' lang='lat'>-</span> <span class='ocrx_word' id='word_1_222' title='bbox 645 3549 875 3618; x_wconf 87' lang='lat' dir='ltr'>restituendum</span> <span class='ocrx_word' id='word_1_223' title='bbox 910 3548 953 3613; x_wconf 93' lang='lat' dir='ltr'>sit</span> <span class='ocrx_word' id='word_1_224' title='bbox 986 3547 1070 3630; x_wconf 89' lang='lat' dir='ltr'>quod</span> <span class='ocrx_word' id='word_1_225' title='bbox 1105 3542 1305 3612; x_wconf 79' lang='lat' dir='ltr'>Sobrietzium</span> 
     </span>
     <span class='ocr_line' id='line_1_31' title="bbox 237 3652 967 3738; baseline -0.005 -18"><span class='ocrx_word' id='word_1_226' title='bbox 237 3673 360 3738; x_wconf 88' lang='lat' dir='ltr'>quoque</span> <span class='ocrx_word' id='word_1_227' title='bbox 384 3655 562 3721; x_wconf 89' lang='lat' dir='ltr'>coniectura</span> <span class='ocrx_word' id='word_1_228' title='bbox 583 3655 646 3720; x_wconf 88' lang='lat' dir='ltr'>iam</span> <span class='ocrx_word' id='word_1_229' title='bbox 668 3658 845 3721; x_wconf 87' lang='lat' dir='ltr'>assecutum</span> <span class='ocrx_word' id='word_1_230' title='bbox 867 3652 967 3718; x_wconf 87' lang='lat' dir='ltr'>video.</span> 
     </span>
    </p>

    <p class='ocr_par' dir='ltr' id='par_1_8' title="bbox 237 3751 1308 4138">
     <span class='ocr_line' id='line_1_32' title="bbox 252 3751 1305 3839; baseline -0.011 -11"><span class='ocrx_word' id='word_1_231' title='bbox 252 3821 256 3828; x_wconf 92' lang='lat'>.</span> <span class='ocrx_word' id='word_1_232' title='bbox 340 3757 377 3822; x_wconf 86' lang='lat' dir='ltr'>V.</span> <span class='ocrx_word' id='word_1_233' title='bbox 403 3762 486 3824; x_wconf 82' lang='grc'><strong>1146</strong></span> <span class='ocrx_word' id='word_1_234' title='bbox 514 3777 578 3824; x_wconf 91' lang='lat' dir='ltr'>non</span> <span class='ocrx_word' id='word_1_235' title='bbox 605 3759 725 3836; x_wconf 69' lang='grc' dir='ltr'>εἰςὴκειν</span> <span class='ocrx_word' id='word_1_236' title='bbox 751 3755 940 3839; x_wconf 84' lang='lat' dir='ltr'>Aeschylum</span> <span class='ocrx_word' id='word_1_237' title='bbox 969 3753 1132 3836; x_wconf 85' lang='lat' dir='ltr'>scripsisse</span> <span class='ocrx_word' id='word_1_238' title='bbox 1159 3751 1305 3832; x_wconf 89' lang='lat' dir='ltr'>arbitror,</span> 
     </span>
     <span class='ocr_line' id='line_1_33' title="bbox 237 3855 1308 3948; baseline -0.007 -18"><span class='ocrx_word' id='word_1_239' title='bbox 237 3864 321 3948; x_wconf 86' lang='lat' dir='ltr'>qnod</span> <span class='ocrx_word' id='word_1_240' title='bbox 349 3861 477 3945; x_wconf 79' lang='lat' dir='ltr'>vulgare</span> <span class='ocrx_word' id='word_1_241' title='bbox 506 3867 555 3928; x_wconf 89' lang='lat' dir='ltr'>est</span> <span class='ocrx_word' id='word_1_242' title='bbox 583 3867 677 3945; x_wconf 89' lang='lat' dir='ltr'>atque</span> <span class='ocrx_word' id='word_1_243' title='bbox 706 3860 866 3943; x_wconf 87' lang='lat' dir='ltr'>amplioris</span> <span class='ocrx_word' id='word_1_244' title='bbox 900 3857 1051 3938; x_wconf 74' lang='lat' dir='ltr'>nouom,</span> <span class='ocrx_word' id='word_1_245' title='bbox 1087 3855 1144 3922; x_wconf 88' lang='lat' dir='ltr'>sed</span> <span class='ocrx_word' id='word_1_246' title='bbox 1179 3859 1308 3940; x_wconf 67' lang='grc' dir='ltr'>είςηχεΐν</span> 
     </span>
     <span class='ocr_line' id='line_1_34' title="bbox 238 3957 1308 4052; baseline -0.012 -17"><span class='ocrx_word' id='word_1_247' title='bbox 238 3987 299 4052; x_wconf 91' lang='lat' dir='ltr'>quo</span> <span class='ocrx_word' id='word_1_248' title='bbox 322 3964 546 4050; x_wconf 81' lang='lat' dir='ltr'>significantius</span> <span class='ocrx_word' id='word_1_249' title='bbox 570 3967 637 4032; x_wconf 89' lang='lat' dir='ltr'>sine</span> <span class='ocrx_word' id='word_1_250' title='bbox 659 3964 754 4033; x_wconf 87' lang='lat' dir='ltr'>dublo</span> <span class='ocrx_word' id='word_1_251' title='bbox 777 3964 1008 4030; x_wconf 86' lang='lat' dir='ltr'>denotaturres</span> <span class='ocrx_word' id='word_1_252' title='bbox 1027 3978 1106 4043; x_wconf 86' lang='lat' dir='ltr'>quae</span> <span class='ocrx_word' id='word_1_253' title='bbox 1120 3958 1172 4025; x_wconf 90' lang='lat' dir='ltr'>hie</span> <span class='ocrx_word' id='word_1_254' title='bbox 1190 3957 1308 4040; x_wconf 78' lang='lat' dir='ltr'>agitur:</span> 
     </span>
     <span class='ocr_line' id='line_1_35' title="bbox 241 4061 1306 4138; baseline -0.01 -1"><span class='ocrx_word' id='word_1_255' title='bbox 241 4071 441 4138; x_wconf 82' lang='lat' dir='ltr'>»vaticinium</span> <span class='ocrx_word' id='word_1_256' title='bbox 470 4089 574 4138; x_wconf 90' lang='lat' dir='ltr'>meum</span> <span class='ocrx_word' id='word_1_257' title='bbox 602 4070 667 4138; x_wconf 87' lang='lat' dir='ltr'>ianr</span> <span class='ocrx_word' id='word_1_258' title='bbox 696 4069 778 4136; x_wconf 88' lang='lat' dir='ltr'>sicut</span> <span class='ocrx_word' id='word_1_259' title='bbox 807 4071 918 4133; x_wconf 86' lang='lat' dir='ltr'>ventus</span> <span class='ocrx_word' id='word_1_260' title='bbox 948 4061 1118 4132; x_wconf 86' lang='lat' dir='ltr'>matutinus</span> <span class='ocrx_word' id='word_1_261' title='bbox 1150 4077 1258 4128; x_wconf 77' lang='lat' dir='ltr'>versum</span> <span class='ocrx_word' id='word_1_262' title='bbox 1281 4079 1306 4128; x_wconf 88' lang='lat' dir='ltr'>s.</span> 
     </span>
    </p>
   </div>
   <div class='ocr_carea' id='block_1_7' title="bbox 237 4166 1305 4264">
    <p class='ocr_par' dir='ltr' id='par_1_9' title="bbox 237 4166 1305 4264">
     <span class='ocr_line' id='line_1_36' title="bbox 237 4166 1305 4264; baseline -0.016 -16"><span class='ocrx_word' id='word_1_263' title='bbox 237 4175 296 4248; x_wconf 88' lang='lat' dir='ltr'>sub</span> <span class='ocrx_word' id='word_1_264' title='bbox 319 4176 394 4245; x_wconf 91' lang='lat' dir='ltr'>solis</span> <span class='ocrx_word' id='word_1_265' title='bbox 416 4181 520 4245; x_wconf 91' lang='lat' dir='ltr'>ortum</span> <span class='ocrx_word' id='word_1_266' title='bbox 542 4176 620 4248; x_wconf 84' lang='lat' dir='ltr'>flans</span> <span class='ocrx_word' id='word_1_267' title='bbox 644 4176 689 4264; x_wconf 88' lang='lat' dir='ltr'>(in</span> <span class='ocrx_word' id='word_1_268' title='bbox 710 4176 792 4244; x_wconf 85' lang='lat' dir='ltr'>hanc</span> <span class='ocrx_word' id='word_1_269' title='bbox 815 4173 956 4259; x_wconf 87' lang='lat' dir='ltr'>domurn)</span> <span class='ocrx_word' id='word_1_270' title='bbox 983 4166 1305 4240; x_wconf 73' lang='lat' dir='ltr'>intermortuam«</span> 
     </span>
    </p>
   </div>
   <div class='ocr_carea' id='block_1_8' title="bbox 0 0 1452 4698">
    <p class='ocr_par' dir='ltr' id='par_1_10' title="bbox 0 0 1452 4698">
     <span class='ocr_line' id='line_1_37' title="bbox 0 0 1452 4698; baseline 0 0"><span class='ocrx_word' id='word_1_271' title='bbox 0 0 1452 4698; x_wconf 95' lang='lat' dir='ltr'> </span> 
     </span>
    </p>
   </div>
  </div>
 </body>
</html>
