2856 4698
575 271 888 340 ..21..,

147 459 402 526 commentariola
433 461 657 526 satisconstat
679 479 739 525 non
770 462 870 526 solum
894 458 1095 543 neglegenter
1117 477 1136 524 a
1156 459 1221 524 lin
1247 473 1252 484 ·

83 559 88 568 '
146 562 236 630 rariis
259 563 432 647 descripte,
456 563 512 629 sed
535 566 628 630 etiarn
652 581 710 646 pro
732 564 856 630 illorum
879 564 1008 628 arbitrio
1030 561 1214 645 inscitiaque

146 687 216 734 esse
248 669 419 733 immutata.
449 669 532 751 quod
566 669 626 733 hoc
660 667 729 733 loco
761 687 819 732 usu
849 655 972 732 venisse
998 665 1153 731 arbitrans
1182 668 1215 730 in

145 771 370 852 antiquioribus
393 771 480 836 libris
510 772 821 852 interpretamentum
852 771 890 835 ad
915 773 960 838 ἐπ’
987 771 1137 854 adtollens
1160 769 1214 833 ad-

146 874 299 954 scriptum
328 871 425 939 iuuisse
453 876 595 957 suspicor
627 874 795 939 eiusmodi:
828 871 898 949 ciere
933 874 976 963 μὴ
1004 876 1035 940 οὐ
1064 873 1213 959 βλαβῆναι

147 977 188 1060 (h.
219 995 243 1041 e.
273 986 336 1041 non
364 977 492 1058 impune
518 977 551 1042 id
577 975 644 1042 fieri
675 997 787 1060 passus
820 984 870 1043 est
895 977 985 1060 Iup.)·
1019 977 1214 1064 tropeien-aar

145 1083 217 1168 peip·
237 1081 288 1148 cdv
320 1083 505 1165 Ἀσκληπιὸν
542 1082 744 1170 &annonara
781 1081 831 1148 τὸν
873 1079 1059 1157 ‘Ianitorem
1103 1087 1214 1162 pastea

53 1260 58 1276 ι
144 1187 248 1248 autem
273 1202 342 1248 cum
366 1183 442 1263 ipsis
464 1189 578 1264 poetae
601 1183 706 1248 verbis
728 1185 759 1248 in
782 1189 1013 1276 monstruosam
1037 1201 1116 1265 quae
1132 1199 1213 1247 nunc

144 1287 309 1352 exhibetur
337 1285 470 1352 somnam
501 1287 631 1353 abiisse:
653 1291 715 1354 iam
745 1307 818 1354 vero
847 1289 887 1351 ad
918 1289 1109 1369 explendam
1126 1287 1212 1372 illam

120 1399 237 1482 'quae
252 1395 325 1472 post
361 1390 437 1465 Ζεύς
471 1391 590 1457 exstitit
617 1392 762 1456 lacunam
791 1409 866 1456 num
895 1391 998 1457 i'onica
1026 1389 1127 1456 lor'ma
1150 1390 1210 1458 inlo'

87 1575 92 1584 Ι
144 1492 189 1557 uti
211 1493 305 1558 liceat
325 1495 357 1559 in
382 1495 485 1558 medio
507 1495 711 1576 rcbnquatur.
846 1559 848 1567 s
900 1492 906 1504 '
1272 1552 1275 1559 .

219 1597 284 1662 ·In
318 1616 410 1662 versu
449 1601 542 1660 1102·
568 1597 621 1680 qui
654 1598 685 1662 in
724 1599 812 1663 codd.
847 1598 929 1664 Med.
963 1603 995 1663 et
1031 1596 1132 1663 Guelf.
1168 1601 1213 1662 ito

143 1700 279 1782 scriptus
310 1705 427 1766 exstat:
472 1702 624 1788 ἀκόρεστος
649 1703 732 1786 βοαῖις
759 1701 856 1787 (βοξς)
885 1704 945 1782 ded
971 1701 1117 1778 nahulain
1146 1707 1212 1786 (τα-

145 1803 293 1880 λαίναιςῖ),
322 1807 477 1886 catastae)
506 1811 616 1892 apansa,
645 1797 830 1872 vocabulum
858 1807 918 1888 φεῦ
947 1825 1098 1888 perquam
1130 1807 1211 1870 male

143 1907 204 1971 buc
228 1907 341 1972 cadens
366 1924 403 1972 eo
427 1907 556 1973 consilio
583 1897 780 1974 interiectum
809 1915 955 1992 apparet,
986 1903 1021 1972 ut
1051 1909 1089 1975 ad
1119 1909 1211 1972 uretri

143 2029 285 2075 normam
324 2029 435 2076 versus
474 2010 527 2075 ille
568 2013 747 2094 strophicus
783 2011 1073 2078 accommodaretur
1107 2013 1209 2076 versui

142 2114 369 2195 antistrophico
392 2115 444 2197 qui
467 2115 533 2180 siue
556 2115 619 2180 ulla
643 2117 852 2198 discrepantia
876 2118 919 2182 sic
932 2117 1066 2196 scriptus
1082 2114 1210 2195 legium:

141 2226 317 2299 μελοτυπεῖς
346 2217 417 2300 ipat
440 2221 463 2285 τ’
488 2221 595 2306 &phion
618 2227 650 2288 ἐν
679 2220 776 2301 νόμας
800 2239 900 2302 neque
925 2220 956 2285 'is
986 2226 1091 2283 tamen
1124 2223 1210 2283 recte

144 2338 178 2383 se
201 2319 328 2384 habens.
353 2339 389 2382 ac
412 2320 546 2401 primum
571 2322 695 2402 quidem
719 2323 802 2404 quod
824 2325 865 2386 ad
887 2322 989 2386 locum
1009 2322 1210 2403 strophicum,

143 2423 167 2486 si
193 2428 225 2486 et
248 2422 389 2487 codicum
414 2423 582 2487 memoriae
604 2426 652 2488 vis
684 2424 864 2490 satisfacere
892 2431 923 2488 et
950 2423 1120 2488 concinnae
1142 2443 1210 2488 ver-

142 2525 253 2589 borum
276 2526 506 2609 compositioni,
530 2527 614 2590 haud
637 2527 701 2592 scio
725 2546 764 2592 an
787 2529 832 2594 ita
854 2527 1019 2593 scribendo
1043 2525 1083 2590 ad
1105 2526 1209 2608 pristi-

142 2647 216 2694 nam
239 2631 451 2714 integritatem
475 2649 547 2696 eum
569 2633 781 2698 revocaveris:

657 2787 702 2853 οἶά
723 2815 767 2862 τις
789 2787 887 2864 ξανθά

398 2893 542 2980 &anparere
564 2891 638 2978 βοᾷ,
661 2897 813 2968 ταλαίναις
835 2893 938 2980 &paolo

393 3001 475 3062 'Iron
492 3001 574 3064 'Iron
596 2997 733 3072 ordonum,
756 2995 923 3076 ἀμφιθαλῆ
945 3002 1044 3071 κακαῖς

398 3097 494 3183 ἀηδὼν
515 3102 587 3180 βίον.

139 3249 255 3313 etenim
277 3249 421 3336 ἑκαρέτως
449 3251 505 3334 βοᾷ
537 3232 699 3316 vetustiori
734 3251 874 3317 adhibita
907 3252 1130 3336 orthographia
1163 3253 1208 3320 sic

141 3353 210 3414 erat
239 3351 389 3433 scriptum
413 3353 755 3432 ΑΚΟΡΕΤΟΟΒΟΑΙ,
785 3357 834 3421 cui
862 3356 1028 3438 posteriori
1057 3355 1209 3421 vocabulo

139 3453 239 3532 sigma
272 3457 531 3537 superscriptum,
565 3476 626 3538 quo
658 3457 777 3523 scilicet
812 3457 1041 3541 significaretur
1074 3461 1208 3546 deiparae
1268 3529 1272 3538 ,

135 3555 209 3636 βοαῖς
221 3557 420 3622 scribendrun
433 3576 511 3636 esse,
535 3579 605 3623 mox
622 3579 719 3641 prava
733 3579 770 3624 en
792 3562 1007 3645 intellegentia
1030 3563 1205 3646 verbomm,

136 3663 296 3742 umquam
319 3681 346 3724 v.
368 3667 436 3746 βααι
460 3681 530 3726 cum
552 3663 649 3729 verbo
672 3667 768 3751 θροεῖς
800 3665 883 3747 quod
906 3666 1011 3746 paullo
1034 3673 1106 3732 aute
1129 3668 1205 3750 legi-

134 3767 187 3827 tur
216 3767 383 3846 exaequari
414 3767 556 3842 deberet,
586 3766 618 3831 in
648 3765 780 3832 formam
811 3769 884 3854 βοᾷς
911 3787 981 3834 cum
1012 3789 1049 3836 eo
1081 3772 1204 3837 coaluit.

135 3865 263 3932 -iam
294 3873 328 3930 ut
354 3868 395 3932 acl
417 3869 519 3934 locum
548 3869 807 3951 antistrophicum
837 3877 1059 3952 transeamus,-
1077 3881 1202 3957 poetam

133 3987 181 4032 vv.
197 3969 277 4034 1111
296 3975 328 4036 et
345 3973 435 4050 1112,
458 3993 498 4038 ne
520 3975 632 4055 longus
655 3974 727 4052 sim,
749 3977 795 4040 ita
811 3978 947 4044 edidisse
960 3979 1125 4060 probabile
1141 3984 1202 4044 est:

382 4081 416 4143 τί
432 4078 593 4160 δ’ἑπίφοβα
616 4083 757 4164 δυσφατῳ
780 4081 899 4166 κλαγγᾷ

381 4187 556 4260 μελοτυπεῖς
577 4181 630 4248 σὺν
653 4182 789 4268 letam
811 4209 927 4268 nepam
