2856 4698
569 301 762 372 ..9-

130 494 259 560 mariam
281 493 375 576 plane
396 499 520 576 partem
532 492 762 560 commoveret?
804 491 839 559 id
859 497 966 560 autern
987 491 1032 576 fit
1056 493 1083 560 si
1104 501 1200 578 poeta

130 595 317 679 Aegisthum
350 598 456 664 verbis
488 597 551 664 illis
572 595 656 662 male
678 597 824 663 ominatis
846 615 911 662 non
935 597 1064 664 Atridas
1087 599 1197 681 solum,

15 732 18 740 ν
130 701 187 766 sed
208 703 388 768 universam
410 702 535 783 Pelopis
558 701 694 779 domum,
720 701 754 765 in
776 721 815 767 ea
836 701 934 783 igitur
955 702 1101 785 Thyestis
1123 722 1200 786 quo·

131 823 192 888 que
213 807 397 889 progeniem
413 805 556 886 adeoque
571 823 605 870 se
623 805 727 886 ipsum
742 802 818 869 facit
829 811 1053 872 exsecrantem.
1097 826 1200 889 neque

132 915 238 975 tamen
259 907 408 992 Aegisthi
430 913 479 974 est
499 908 564 974 tale
586 907 662 989 qnid
683 907 808 972 meante
830 914 886 973 aut
906 925 1002 990 agere
1017 913 1073 974 aut
1095 910 1200 976 dicere

131 1014 185 1095 qui
213 1011 319 1096 paullo
349 1015 423 1076 ante
444 1014 506 1096 (vv.
531 1011 774 1094 loto-1565),
808 1009 977 1093 Thyestem
1008 1017 1131 1095 patrem
1164 1019 1201 1079 ut
1277 1015 1280 1020 '

131 1117 216 1180 omni
238 1114 430 1180 domesticae
452 1113 639 1179 calamitatis
669 1113 800 1178 crimine
822 1114 987 1195 expediret
1007 1132 1195 1198 omnemque

131 1219 255 1310 culpam
271 1221 303 1284 in
316 1219 449 1284 Atreum
464 1217 652 1284 avunculum
668 1215 838 1295 traiioeret
861 1217 1012 1301 singulam
1030 1219 1200 1286 calliditate

131 1322 310 1389 elaboravit
365 1321 445 1387 haec
473 1322 501 1386 si
528 1327 673 1386 tenemus
703 1337 784 1402 quae
813 1319 890 1384 mihi
920 1321 1046 1402 quidem
1069 1341 1133 1388 non
1155 1324 1200 1388 vi-
1329 1335 1334 1346 ’

131 1427 246 1494 dentur
266 1445 360 1509 posse
382 1425 483 1492 refelli
505 1463 548 1474 -
571 1441 673 1506 neque
702 1425 787 1488 enim
814 1423 883 1505 hic,
916 1426 972 1490 uhi
1002 1427 1117 1492 summi
1148 1445 1200 1496 res

130 1533 234 1615 agitur
261 1531 412 1596 momenti
443 1527 690 1611 gravissimaque
718 1525 816 1592 verba
843 1525 1037 1594 sollemniter
1059 1527 1199 1596 referun-

131 1641 200 1716 tnr,
233 1636 266 1700 in
298 1633 480 1699 Atridarum
517 1631 587 1696 dico
617 1631 849 1708 exsecratione,
879 1629 967 1696 locus
996 1631 1090 1698 datur
1120 1633 1202 1699 eius-

131 1739 216 1804 modi
245 1735 442 1818 ambiguitati
471 1753 533 1816 qua
562 1753 625 1799 nna
661 1751 730 1798 cum
762 1733 882 1799 Atridis
919 1740 952 1799 et
986 1735 1047 1816 ipsi
1083 1735 1202 1819 Thyes·

131 1841 217 1906 tidae
248 1839 379 1906 deorum
407 1839 473 1903 irae
506 1841 730 1902 consecrentur
761 1873 805 1883 —
835 1835 880 1900 nil
901 1837 1087 1918 relinquitur
1109 1855 1202 1920 quam

133 1949 168 2008 ut
190 1961 318 2009 versum
340 1943 444 2021 illum,
477 1941 601 2006 etiarnsi
633 1955 697 2004 non
730 1945 780 2004 est
813 1957 869 2004 cur
900 1939 1024 2006 omnino
1047 1939 1202 2023 Aeschylo

130 2047 362 2129 ahiudicemns‚
396 2045 470 2111 huic
502 2051 611 2110 tamen
634 2043 826 2125 abripiamns
847 2041 981 2109 tabulae.
1036 2061 1098 2127 qno
1119 2044 1203 2111 iacto

65 2142 105 2243 cs
130 2169 179 2216 vv.
207 2146 424 2238 1577-1570
445 2147 656 2229 pulcherrime
677 2147 723 2212 ua
744 2146 936 2228 procedunt:
1056 2173 1063 2186 ›

329 2360 459 2449 ᾤμωξεν,
480 2360 630 2441 ἀμπίπτει
652 2359 737 2426 dclvi
759 2359 882 2448 σφαγὴν
905 2359 994 2441 ipris

329 2461 481 2545 limem
504 2467 617 2529 δείπνου
640 2463 662 2528 δ’
680 2466 798 2536 ἐνδίκως
819 2463 916 2537 τιθεὶς
938 2462 993 2550 ἀρᾷ

328 2565 408 2655 nipc'tr’
433 2567 560 2635 ὀλέσθαι
583 2565 645 2633 πιῖν
666 2565 700 2633 rt
722 2567 926 2641 Πλεισθένους
947 2571 1037 2647 γένος.

129 2772 250 2858 σφαγὴν
279 2770 365 2853 quod
395 2769 479 2868 edidi
508 2769 681 2850 Hamnugii
712 2774 761 2834 est
782 2772 878 2848 atque
899 2767 1035 2832 traditae
1056 2767 1203 2833 lectionis

129 2877 271 2957 vestigiis
300 2873 444 2964 (σφαγῆς)
473 2873 603 2958 propius
639 2871 757 2938 insistit
788 2889 882 2953 qnam
912 2871 999 2953 quod
1030 2870 1203 2938 Schneide

130 2979 231 3042 winus
254 2976 381 3059 scripsit
402 2977 534 3058 σφαγάς.

233 3183 328 3250 Aliud
350 3182 583 3264 depravationis
605 3197 706 3262 genus
727 3181 761 3245 in
783 3181 830 3245 eis
853 3178 1100 3261 deprehenditur
1121 3179 1200 3248 locis

130 3287 260 3370 quihus,
292 3293 329 3352 ut
355 3287 437 3353 bene
464 3285 618 3372 procedat
647 3286 764 3364 oratio,
799 3285 845 3350 ita
874 3283 1064 3350 medendum
1094 3291 1144 3352 est
1165 3291 1202 3350 nt

130 3409 277 3457 versuum
306 3391 339 3455 in
369 3390 482 3472 thns
516 3389 648 3471 quisque
682 3389 861 3454 continetur
891 3387 969 3453 ordo
997 3388 1201 3471 perturbatus

129 3495 317 3560 restituatur
338 3494 371 3558 in
392 3493 586 3574 integrum..
615 3492 703 3558 cuius
734 3491 861 3572 quidem
891 3491 1016 3573 generis
1040 3490 1102 3557 duo
1124 3490 1202 3556 mihi

130 3603 257 3680 praesto
289 3604 362 3663 sunt
394 3597 545 3680 exempla
599 3601 673 3662 sunt
701 3601 811 3660 autem
840 3595 970 3661 alterius
998 3594 1061 3660 loci
1089 3614 1201 3662 versus

133 3705 346 3766 nor-1164
375 3719 454 3783 quos
484 3701 544 3766 etsi
573 3700 635 3765 iam
658 3697 697 3764 G.
720 3697 921 3764 Hermannus
948 3704 1034 3764 recte
1056 3716 1076 3763 a
1097 3718 1133 3766 se
1155 3698 1201 3764 di-

131 3811 238 3887 gestos
267 3801 403 3870 confisus
432 3809 482 3871 est
510 3803 600 3870 euius
630 3805 662 3868 in
695 3801 883 3869 auctoritate
905 3803 947 3869 ad
968 3821 1068 3868 unum
1091 3821 1201 3870 omnes

132 3907 280 3990 deinceps
308 3907 534 3989 acquieverint
561 3907 699 3973 editores
738 3911 832 3986 atque
863 3905 1069 3988 interpretes,
1102 3903 1200 3971 nihilo

131 4011 236 4077 secius
265 4029 307 4076 an
337 4011 429 4076 aliter
451 4011 595 4095 dispositi
617 4011 771 4092 aptiorem
793 4009 889 4075 etiam
911 4008 1200 4090 elegantioremque

132 4114 358 4181 sententianrm
389 4115 563 4198 praebeant
593 4113 822 4196 colligationem
855 4112 972 4179 dubito.
1026 4112 1086 4179 hoe
1117 4109 1200 4178 eninr

131 4215 243 4284 ordine
264 4217 333 4284 sine
355 4235 410 4284 eos
431 4237 502 4286 sese
525 4219 696 4300 excipiunt:
1029 4287 1043 4312 ο

1002 4325 1021 4385 2
